timestamp,symbol,side,size,price,tickDirection,trdMatchID,grossValue,homeNotional,foreignNotional
1590278384.7353,BTCUSDT,Buy,0.573,9172.5,PlusTick,33d1c60f-43af-5297-aefe-9ae5d8352e03,525584250000.0,0.573,5255.8425
1590278369.3164,BTCUSDT,Sell,0.197,9172.0,ZeroMinusTick,51ada644-cf56-5bfd-90ce-cb4450a20647,180688400000.0,0.197,1806.884
1590278362.3454,BTCUSDT,Buy,0.02,9172.0,ZeroMinusTick,4aff7b17-d51d-52e3-bf1e-74b859eb0e8e,18344000000.0,0.02,183.44
1590278362.3454,BTCUSDT,Buy,0.98,9172.0,PlusTick,e6f8d1bb-bb30-5c82-9502-e81cd13c2118,898856000000.0,0.98,8988.56
1590278359.189,BTCUSDT,Sell,0.043,9171.5,ZeroMinusTick,bbd2071c-bdab-5315-bc93-675420ab6cc7,39437450000.0,0.043,394.3745
1590278353.7886,BTCUSDT,Sell,0.832,9171.5,PlusTick,2582af9b-a00d-5cf0-824b-9814f75b7312,763068800000.0,0.832,7630.688
1590278352.5115,BTCUSDT,Buy,0.001,9170.0,PlusTick,7eb03034-d001-5d1f-b61d-cfe7fd5e362e,917000000.0,0.001,9.17
1590278335.6746,BTCUSDT,Sell,0.807,9169.5,ZeroMinusTick,49dbbf09-37b4-5dac-94d2-3b675052b750,739978650000.0,0.807,7399.7865
1590278334.6328,BTCUSDT,Sell,0.205,9169.5,MinusTick,c396feba-d54d-5c8e-a804-5e60af11845d,187974750000.0,0.205,1879.7475
1590278321.6471,BTCUSDT,Buy,0.1,9170.0,ZeroMinusTick,582b51a5-93dc-5c03-8f97-3e71e97bee70,91700000000.0,0.1,917.0
1590278308.0314,BTCUSDT,Buy,0.2,9170.0,ZeroMinusTick,73ac31c4-2fe2-5960-af3d-ff73ddb00f37,183400000000.0,0.2,1834.0
1590278289.9345,BTCUSDT,Buy,0.02,9170.0,ZeroMinusTick,563c0cc7-c36e-55f5-a6f5-bd7a7391d5d0,18340000000.0,0.02,183.4
1590278289.9345,BTCUSDT,Buy,0.055,9170.0,PlusTick,c7beca40-ae60-50a0-bf4f-9f4b256c2988,50435000000.0,0.055,504.35
1590278231.6358,BTCUSDT,Buy,0.1,9168.0,ZeroMinusTick,afcbad61-f549-5aac-a0eb-669bbeb078d2,91680000000.0,0.1,916.8
1590278214.1129,BTCUSDT,Buy,0.025,9168.0,MinusTick,4b771797-8a33-58b5-9919-c209aa32da84,22920000000.0,0.025,229.2
1590278213.2671,BTCUSDT,Sell,0.02,9170.0,MinusTick,c90519c0-0de8-5758-8e13-040df488e78c,18340000000.0,0.02,183.4
1590278188.5849,BTCUSDT,Buy,0.5,9171.0,PlusTick,03ddc5f0-a1b1-53d8-b603-4a99ee2717d6,458550000000.0,0.5,4585.5
1590278187.4864,BTCUSDT,Sell,0.029,9170.5,MinusTick,3a0d8d38-5492-5a50-a87f-12164bd2a53f,26594450000.0,0.029,265.9445
1590278116.0526,BTCUSDT,Sell,0.013,9172.0,ZeroMinusTick,61207abc-d41d-5bab-9cd4-7c5eb43c98ba,11923600000.0,0.013,119.236
1590278112.1001,BTCUSDT,Sell,0.246,9172.0,ZeroMinusTick,1d88dde9-a612-5b41-982f-b70d4bc3cbd2,225631200000.0,0.246,2256.312
1590278112.1001,BTCUSDT,Sell,0.99,9172.0,MinusTick,f13f13f6-7e3e-5e88-9b2a-eeb526b5aeaf,908028000000.0001,0.99,9080.28
1590278112.1001,BTCUSDT,Sell,0.5,9172.5,ZeroMinusTick,af776ccf-20a8-52c5-b3a9-9a5006e08b93,458625000000.0,0.5,4586.25
1590278112.1001,BTCUSDT,Sell,0.001,9172.5,MinusTick,ea737d23-1671-5c1b-a649-07224b538a84,917250000.0,0.001,9.1725
1590278112.1001,BTCUSDT,Sell,0.02,9174.0,ZeroMinusTick,795004aa-3e29-5ce3-8134-8488894c525c,18348000000.0,0.02,183.48
1590278112.1001,BTCUSDT,Sell,0.458,9174.0,ZeroMinusTick,76774501-67a4-5efb-a373-9da172d33a29,420169200000.0,0.458,4201.692
1590278112.1001,BTCUSDT,Sell,6.0,9174.0,PlusTick,c55c3aab-c276-57f7-82c1-0bece03ad99e,5504400000000.0,6.0,55044.0
1590278112.1001,BTCUSDT,Sell,1.785,9173.5,MinusTick,54d1d531-9a1f-5439-8dbd-27175456cf43,1637469750000.0,1.785,16374.6975
1590278089.6624,BTCUSDT,Buy,0.323,9174.5,ZeroMinusTick,15ba6186-111c-56e5-a46f-94799c026283,296336350000.0,0.323,2963.3635
1590278084.0398,BTCUSDT,Buy,0.022,9174.5,MinusTick,fba8cdc4-7aed-5bcf-81e4-8be09b930781,20183900000.0,0.022,201.839
1590278038.7612,BTCUSDT,Buy,0.132,9175.0,PlusTick,ac5a1791-23a1-50f3-9328-f5428ac36421,121109999999.99998,0.132,1211.1
1590278036.1909,BTCUSDT,Sell,1.0,9174.5,ZeroMinusTick,97ba492f-a856-5849-9437-dd9762f94b73,917450000000.0,1.0,9174.5
1590277968.6008,BTCUSDT,Sell,0.029,9174.5,ZeroMinusTick,0540f867-b042-5428-a13f-3aa21271ed30,26606050000.0,0.029,266.0605
1590277966.9694,BTCUSDT,Sell,0.583,9174.5,PlusTick,0c68452e-15cc-53ac-8f05-851c0472aca8,534873350000.0,0.583,5348.7335
1590277951.8173,BTCUSDT,Buy,0.001,9173.0,ZeroMinusTick,25975014-c7d8-58f3-b34e-bc192174673c,917300000.0,0.001,9.173
1590277951.8173,BTCUSDT,Buy,0.001,9173.0,PlusTick,f1e77d99-a03f-5bb7-b73a-3c7dc8ec0a63,917300000.0,0.001,9.173
1590277939.4819,BTCUSDT,Buy,0.5,9171.0,PlusTick,df37e853-2ea0-53c8-8bc5-a4925b71b8b9,458550000000.0,0.5,4585.5
1590277886.5616,BTCUSDT,Sell,0.055,9170.5,MinusTick,271eacaf-8749-5d28-9594-60d7d0dcd888,50437750000.0,0.055,504.3775
1590277886.0174,BTCUSDT,Buy,0.005,9171.0,PlusTick,431af41c-223c-5db7-b1f8-ea08b54313b1,4585500000.0,0.005,45.855
1590277883.9241,BTCUSDT,Sell,0.019,9170.5,MinusTick,f4b953aa-8747-5c9b-8c89-d39cb4dfd94d,17423950000.0,0.019,174.2395
1590277878.1371,BTCUSDT,Buy,5.0,9171.0,PlusTick,b8db91b5-7672-57ff-b9fb-f5743c60dcc0,4585500000000.0,5.0,45855.0
1590277867.5516,BTCUSDT,Sell,0.26,9170.5,ZeroMinusTick,6417bde8-fa96-569d-ac42-461a7ae7ca7c,238433000000.0,0.26,2384.33
1590277866.9147,BTCUSDT,Sell,0.02,9170.5,MinusTick,5a8f04f9-1cef-568d-9e72-7aacb6df3656,18341000000.0,0.02,183.41
1590277861.3989,BTCUSDT,Buy,0.004,9171.0,ZeroMinusTick,4737283f-a89f-550e-853e-605246f0037b,3668399999.9999995,0.004,36.684
1590277861.3989,BTCUSDT,Buy,0.001,9171.0,PlusTick,ff3c6571-61d2-5bad-be60-d7b714ae767a,917099999.9999999,0.001,9.171
1590277853.1148,BTCUSDT,Buy,0.727,9170.5,ZeroMinusTick,6f7de4e3-956c-5601-ae78-78fe1e05a8ad,666695350000.0,0.727,6666.9535
1590277853.015,BTCUSDT,Buy,0.1,9170.5,ZeroMinusTick,a9824be4-df19-5533-b824-9bf75c9f3ae4,91705000000.0,0.1,917.05
1590277852.9148,BTCUSDT,Buy,0.225,9170.5,ZeroMinusTick,65961d0f-fba5-5721-8199-cb6b96696b8e,206336250000.00003,0.225,2063.3625
1590277852.815,BTCUSDT,Buy,0.1,9170.5,PlusTick,71f5c494-f354-5ce2-ad96-505224fe6d14,91705000000.0,0.1,917.05
1590277821.3393,BTCUSDT,Buy,0.001,9169.0,PlusTick,444c8b8c-cac8-58a9-861c-a7742ff3107e,916900000.0,0.001,9.169
1590277821.3393,BTCUSDT,Buy,0.179,9166.5,MinusTick,ba83b44d-8acc-5421-ba3c-d2a2b650fea2,164080350000.0,0.179,1640.8035
1590277821.3393,BTCUSDT,Buy,0.38,9170.5,ZeroMinusTick,27d67e52-1451-5c30-b8a9-8f1824df3ad7,348479000000.0,0.38,3484.79
1590277821.3393,BTCUSDT,Buy,0.175,9170.5,PlusTick,9e13bbde-fbfb-547d-a6c5-e2b914910cd2,160483750000.0,0.175,1604.8375
1590277821.3393,BTCUSDT,Buy,0.009,9166.5,PlusTick,7da205a6-07ba-5b73-b2aa-d9b14bdcd53c,8249850000.000001,0.009,82.4985
1590277772.2547,BTCUSDT,Sell,0.105,9166.0,ZeroMinusTick,b4c6e58b-029f-5b57-a365-069b18c0392f,96243000000.0,0.105,962.43
1590277772.2547,BTCUSDT,Sell,0.235,9166.0,MinusTick,c004fb7b-bb93-53f1-85e9-3865845f6103,215401000000.00003,0.235,2154.01
1590277772.2547,BTCUSDT,Sell,0.001,9166.5,MinusTick,f906f4a5-c040-5330-830b-03d2d6cf8ac3,916649999.9999999,0.001,9.1665
1590277772.2547,BTCUSDT,Sell,0.235,9167.0,MinusTick,1d6804ee-a3d8-529a-a835-1268a9e64447,215424500000.0,0.235,2154.245
1590277772.2547,BTCUSDT,Sell,0.75,9168.5,ZeroMinusTick,65bb6042-11aa-56de-8bcd-7feaa5c3cd35,687637500000.0,0.75,6876.375
1590277767.8222,BTCUSDT,Sell,0.25,9168.5,MinusTick,06bc89b5-25d1-515f-94f0-ade56581f70d,229212500000.0,0.25,2292.125
1590277734.5144,BTCUSDT,Buy,0.5,9170.0,ZeroMinusTick,b7211e54-3b0a-541c-9e38-37d9cddf6131,458500000000.0,0.5,4585.0
1590277732.4849,BTCUSDT,Buy,0.592,9170.0,MinusTick,dfcc9b50-d759-5332-967c-59b8811dfe48,542864000000.00006,0.592,5428.64
1590277731.9753,BTCUSDT,Sell,0.001,9172.0,MinusTick,446f3832-842c-5fe3-b786-4db1cdb76814,917200000.0000001,0.001,9.172
1590277728.5394,BTCUSDT,Buy,0.205,9172.5,ZeroMinusTick,95441f8b-ab87-51cd-9272-c791f9e3ab73,188036250000.0,0.205,1880.3625
1590277698.4253,BTCUSDT,Buy,0.001,9172.5,PlusTick,7d305c1c-4765-5c7e-8efa-47958f06e471,917250000.0,0.001,9.1725
1590277690.8602,BTCUSDT,Buy,0.001,9171.0,PlusTick,8a881444-3a48-54c0-8efa-ed4aa2c9613d,917099999.9999999,0.001,9.171
1590277686.3398,BTCUSDT,Buy,0.047,9170.5,PlusTick,815e87ca-e162-5ae3-b2ca-1c3fc0a03e71,43101350000.0,0.047,431.0135
1590277678.8044,BTCUSDT,Sell,0.621,9170.0,ZeroMinusTick,06f53fb7-648c-539a-8716-b2ef0234d982,569457000000.0,0.621,5694.57
1590277669.453,BTCUSDT,Sell,0.697,9170.0,ZeroMinusTick,dccae3e4-68ed-59df-a10c-5500f8b650b1,639149000000.0,0.697,6391.49
1590277663.795,BTCUSDT,Sell,0.796,9170.0,PlusTick,aff39fdb-38b3-5254-baf5-013668899109,729932000000.0,0.796,7299.32
1590277613.8076,BTCUSDT,Buy,0.005,9168.5,ZeroMinusTick,0ef40f89-460d-5a6a-99f0-1eebcd0e4028,4584250000.0,0.005,45.8425
1590277612.2308,BTCUSDT,Buy,0.02,9168.5,PlusTick,3bcbce90-6713-5664-9821-72d463868b5a,18337000000.0,0.02,183.37
1590277585.5027,BTCUSDT,Sell,0.398,9168.0,ZeroMinusTick,40a3654e-e6bc-5304-95dd-9a4a891934e4,364886400000.0,0.398,3648.864
1590277585.5027,BTCUSDT,Sell,0.001,9168.0,ZeroMinusTick,429776ec-baef-54c6-94c1-94c98440abfa,916799999.9999999,0.001,9.168
1590277585.5027,BTCUSDT,Sell,0.001,9168.0,MinusTick,3158c6a7-2af5-55da-a0f2-4a10e075368f,916799999.9999999,0.001,9.168
1590277581.5387,BTCUSDT,Sell,0.001,9172.0,MinusTick,b7dfc323-6214-5c93-aec5-040a492cb35a,917200000.0000001,0.001,9.172
1590277581.2416,BTCUSDT,Sell,0.001,9172.5,MinusTick,71d4e340-c36a-5334-819a-16eda5923403,917250000.0,0.001,9.1725
1590277547.6176,BTCUSDT,Buy,0.006,9173.0,ZeroMinusTick,5f9f5190-42c1-5ed3-b8c7-9bf7fd60edc5,5503800000.0,0.006,55.038
1590277540.0145,BTCUSDT,Buy,0.005,9173.0,PlusTick,86909640-6f44-5568-b985-38d0e947f544,4586500000.0,0.005,45.865
1590277540.0145,BTCUSDT,Buy,0.001,9169.0,MinusTick,e440d5a0-b53b-5dcb-b5d0-1aa4a3895b21,916900000.0,0.001,9.169
1590277540.0145,BTCUSDT,Buy,0.006,9173.0,ZeroMinusTick,03a6560f-132c-5d83-a115-1d435ecbbada,5503800000.0,0.006,55.038
1590277540.0145,BTCUSDT,Buy,0.005,9173.0,PlusTick,890a9997-74bc-5ef2-b7f0-8ff2f27bfa1b,4586500000.0,0.005,45.865
1590277540.0145,BTCUSDT,Buy,0.004,9168.0,MinusTick,d677e9ef-6e13-57ef-84c0-856256a2886b,3667199999.9999995,0.004,36.672
1590277540.0145,BTCUSDT,Buy,0.033,9173.0,ZeroMinusTick,c7b5d9ce-7e75-514c-9ddf-653b877b877e,30270900000.0,0.033,302.709
1590277540.0145,BTCUSDT,Buy,0.033,9173.0,PlusTick,18bf1b70-e4e8-51de-9245-5369e0db4c0a,30270900000.0,0.033,302.709
1590277540.0145,BTCUSDT,Buy,0.1,9170.0,PlusTick,bb32ab24-6353-536f-8d9b-e2ad7f12e730,91700000000.0,0.1,917.0
1590277540.0082,BTCUSDT,Buy,0.02,9167.5,ZeroMinusTick,b068c820-252d-586a-84c7-e3391cb59fbc,18335000000.0,0.02,183.35
1590277540.0082,BTCUSDT,Buy,0.001,9167.5,PlusTick,47eb8ea9-c493-56ff-8497-f6187247a949,916750000.0,0.001,9.1675
1590277533.6303,BTCUSDT,Buy,0.014,9162.0,ZeroMinusTick,903eb650-adca-5336-a17f-07310ebb795b,12826800000.0,0.014,128.268
1590277533.6303,BTCUSDT,Buy,0.028,9162.0,ZeroMinusTick,ab3d3ce4-a4cd-5ef4-87ad-3ead232132d4,25653600000.0,0.028,256.536
1590277533.6303,BTCUSDT,Buy,0.019,9162.0,ZeroMinusTick,021913cb-c88a-54ff-afae-6007426281ef,17407800000.0,0.019,174.078
1590277533.6303,BTCUSDT,Buy,0.015,9162.0,ZeroMinusTick,d80ad06a-912a-5214-95fc-e61a16d54815,13743000000.0,0.015,137.43
1590277533.6303,BTCUSDT,Buy,0.033,9162.0,ZeroMinusTick,da25ed6e-ef93-50c6-b807-ec9c8efaa57f,30234600000.0,0.033,302.346
1590277533.6303,BTCUSDT,Buy,0.003,9162.0,ZeroMinusTick,a38cd11d-2ceb-55f4-bd57-e87903964859,2748600000.0,0.003,27.486
1590277533.6303,BTCUSDT,Buy,0.005,9162.0,ZeroMinusTick,dc599321-c83c-5627-8c35-3a37a91cf84e,4581000000.0,0.005,45.81
1590277533.6303,BTCUSDT,Buy,0.042,9162.0,PlusTick,2c98e5ed-02b5-52a7-a64e-c4ae568c4be4,38480400000.0,0.042,384.804
1590277529.7216,BTCUSDT,Sell,0.989,9161.5,ZeroMinusTick,27bf3fc7-a036-58ae-8bf6-921cfe1b2280,906072350000.0,0.989,9060.7235
1590277524.3808,BTCUSDT,Sell,0.021,9161.5,ZeroMinusTick,8dd0f43b-a61e-5e6e-bbb5-f6566d74c569,19239150000.0,0.021,192.3915
1590277514.7127,BTCUSDT,Sell,0.013,9161.5,PlusTick,6e4ec5a1-a251-5183-a98c-29af2d69dab0,11909950000.0,0.013,119.0995
1590277503.3709,BTCUSDT,Sell,0.098,9161.0,ZeroMinusTick,176f5878-186d-521d-aeab-66b802ad6119,89777800000.0,0.098,897.778
1590277499.7036,BTCUSDT,Sell,0.001,9161.0,ZeroMinusTick,37bd848b-957b-579f-b2e5-43343394f22b,916100000.0,0.001,9.161
1590277485.5287,BTCUSDT,Buy,0.009,9161.0,ZeroMinusTick,a4cd1417-ed98-5fa9-819c-2e9ff427c751,8244900000.0,0.009,82.449
1590277485.5287,BTCUSDT,Buy,0.001,9161.0,PlusTick,8123195c-2438-5fdd-b148-60c9ccf15b28,916100000.0,0.001,9.161
1590277477.2844,BTCUSDT,Buy,0.01,9160.5,PlusTick,f828b70c-c25e-50ac-bcac-243047aeb70c,9160500000.0,0.01,91.605
1590277472.8818,BTCUSDT,Buy,0.472,9160.0,PlusTick,9c9254d4-c063-5d94-849c-6586853fa09c,432352000000.00006,0.472,4323.52
1590277472.8818,BTCUSDT,Buy,0.601,9159.5,ZeroMinusTick,77bb7d32-9aab-56d1-84e3-8fbdcae8e23d,550485950000.0,0.601,5504.8595
1590277472.8818,BTCUSDT,Buy,0.02,9159.5,PlusTick,490b5f25-0362-55e7-9d8d-561c6faaebbd,18319000000.0,0.02,183.19
1590277469.6851,BTCUSDT,Sell,0.738,9159.0,PlusTick,1e56a523-4429-5f4f-9384-0b71ec7709ed,675934200000.0,0.738,6759.342
1590277457.3297,BTCUSDT,Sell,0.12,9156.0,PlusTick,c15bd786-92e6-5be4-8eb5-dddf83cb311f,109872000000.0,0.12,1098.72
1590277419.3018,BTCUSDT,Buy,0.003,9155.0,PlusTick,f1dabea2-113a-5346-9cbf-13667505b773,2746500000.0,0.003,27.465
1590277415.6335,BTCUSDT,Buy,0.02,9153.5,PlusTick,d39edcba-6de9-5769-ba6b-3d62774d5ff3,18307000000.0,0.02,183.07
1590277412.5266,BTCUSDT,Sell,0.386,9153.0,ZeroMinusTick,46ed63f7-0b00-5def-bc56-b021a6ee1045,353305800000.0,0.386,3533.058
1590277407.6485,BTCUSDT,Sell,0.657,9153.0,MinusTick,42608b4d-911c-5e82-b842-81c41b01266f,601352100000.0,0.657,6013.521
1590277393.3373,BTCUSDT,Sell,0.001,9154.5,MinusTick,c7fc4c6f-4b19-51bb-93ec-9d9a900a58bd,915450000.0,0.001,9.1545
1590277392.3024,BTCUSDT,Sell,0.02,9155.5,MinusTick,341e4310-cbe2-5e4d-a5d5-4dc1f81db19b,18311000000.0,0.02,183.11
1590277389.8287,BTCUSDT,Sell,0.001,9158.0,MinusTick,72246c38-cb4d-57c2-be84-2f8a6b1ad41d,915800000.0,0.001,9.158
1590277388.3463,BTCUSDT,Sell,0.001,9160.0,MinusTick,3fd2261a-2e2b-5a54-9200-1dfbcda30608,916000000.0,0.001,9.16
1590277387.5914,BTCUSDT,Sell,1.12,9161.0,ZeroMinusTick,8b02c0e9-4ca5-5da3-9ef2-01ce6e73c004,1026032000000.0,1.12,10260.32
1590277387.5914,BTCUSDT,Sell,0.001,9161.0,MinusTick,1224ac3a-f010-5945-bf5a-a41e6d37c190,916100000.0,0.001,9.161
1590277385.373,BTCUSDT,Sell,0.004,9161.5,MinusTick,b5a1fab2-add7-5b3a-97f5-4ad4d90c403a,3664600000.0,0.004,36.646
1590277384.3649,BTCUSDT,Buy,0.696,9162.0,ZeroMinusTick,02e1ee59-7863-5e1e-8ef1-9f7a6daab9de,637675200000.0,0.696,6376.752
1590277378.9834,BTCUSDT,Buy,0.02,9162.0,ZeroMinusTick,964c4ef5-a4c3-5dcb-a8d5-f3b4fa8dc8a9,18324000000.0,0.02,183.24
1590277369.7217,BTCUSDT,Buy,0.25,9162.0,ZeroMinusTick,ba9efabe-3ea5-5aaa-b597-f2612855a962,229050000000.0,0.25,2290.5
1590277362.393,BTCUSDT,Buy,0.187,9162.0,ZeroMinusTick,02f1ff73-91cb-5827-88a1-068087ffb691,171329400000.0,0.187,1713.294
1590277357.3922,BTCUSDT,Buy,0.134,9162.0,PlusTick,ee850a95-12c3-5850-be64-cab2e7c2ffb4,122770800000.00002,0.134,1227.708
1590277329.3191,BTCUSDT,Buy,0.001,9157.5,ZeroMinusTick,63ec1250-1d09-5320-8b2c-53f3acfca215,915750000.0000001,0.001,9.1575
1590277329.3191,BTCUSDT,Buy,0.016,9157.5,ZeroMinusTick,4b0c4869-a5e4-5bea-a611-7f9e17cfdc9e,14652000000.000002,0.016,146.52
1590277326.5869,BTCUSDT,Buy,0.004,9157.5,PlusTick,5388f434-a694-59d5-b8d4-3e3115f7d442,3663000000.0000005,0.004,36.63
1590277315.3778,BTCUSDT,Buy,0.004,9156.5,ZeroMinusTick,0787dba3-08e0-5742-9eed-684758a62f15,3662600000.0,0.004,36.626
1590277310.3975,BTCUSDT,Buy,1.137,9156.5,PlusTick,a8f668e1-5f5e-5067-833c-ec554e80baf1,1041094050000.0001,1.137,10410.9405
1590277298.7853,BTCUSDT,Sell,0.003,9156.0,ZeroMinusTick,eacd84cc-7141-5d36-b0d1-033d026daeb2,2746800000.0,0.003,27.468
1590277298.7853,BTCUSDT,Sell,0.001,9156.0,MinusTick,cd8febef-6712-5483-9ae9-56da35e3dc1d,915600000.0,0.001,9.156
1590277295.6031,BTCUSDT,Buy,0.005,9156.5,ZeroMinusTick,cff1a098-d4bd-5ac6-9c84-39fd0608713e,4578250000.0,0.005,45.7825
1590277293.5861,BTCUSDT,Buy,0.005,9156.5,MinusTick,e8c71013-2cc0-59d6-a297-a2929c37ac3a,4578250000.0,0.005,45.7825
1590277292.4711,BTCUSDT,Sell,0.001,9157.0,ZeroMinusTick,d611b9af-5798-5d74-b3ab-16171465921a,915700000.0,0.001,9.157
1590277292.4711,BTCUSDT,Sell,0.001,9157.0,ZeroMinusTick,f277dd53-ba47-5814-aaf9-e21f86d49674,915700000.0,0.001,9.157
1590277292.4711,BTCUSDT,Sell,0.001,9157.0,PlusTick,34c09583-f140-57f8-8875-2260953a49cc,915700000.0,0.001,9.157
1590277290.842,BTCUSDT,Buy,2.298,9152.5,PlusTick,b3dbb4f0-9e9c-5bfa-8955-2ca2c13dcf33,2103244500000.0,2.298,21032.445
1590277269.9888,BTCUSDT,Sell,0.019,9152.0,ZeroMinusTick,d211e2cc-d160-546f-aa55-c77c985ae867,17388800000.0,0.019,173.888
1590277269.9888,BTCUSDT,Sell,0.015,9152.0,ZeroMinusTick,cbe26511-a941-53e2-9dd0-c3e64a18748c,13728000000.0,0.015,137.28
1590277269.9888,BTCUSDT,Sell,0.041,9152.0,ZeroMinusTick,0b3b6b66-c2dc-560d-8369-b323d9edfba8,37523200000.0,0.041,375.232
1590277269.9888,BTCUSDT,Sell,0.003,9152.0,ZeroMinusTick,b48e43e1-25ed-5315-99f7-38a4f05dea7c,2745600000.0,0.003,27.456
1590277269.9888,BTCUSDT,Sell,0.028,9152.0,ZeroMinusTick,04d1eb8c-c433-5ed9-8d55-cb4f93c5e7b8,25625599999.999996,0.028,256.256
1590277269.9888,BTCUSDT,Sell,0.144,9152.0,ZeroMinusTick,65134eb2-5fb1-5887-9cc5-6fd2eabf77cd,131788799999.99998,0.144,1317.888
1590277269.9772,BTCUSDT,Sell,0.001,9152.0,MinusTick,b4d0ea0b-e7b6-5508-b276-31a9e07fd349,915199999.9999999,0.001,9.152
1590277269.972,BTCUSDT,Sell,0.001,9152.5,ZeroMinusTick,2f0eae2f-ec73-5ce9-820c-4ff54669571b,915250000.0,0.001,9.1525
1590277269.972,BTCUSDT,Sell,0.001,9152.5,MinusTick,092320dd-ee4b-5133-b82f-a8a9eec12b0b,915250000.0,0.001,9.1525
1590277269.5542,BTCUSDT,Sell,0.001,9155.0,ZeroMinusTick,69cdd47d-f11d-5afd-b767-3f5ead62d995,915499999.9999999,0.001,9.155
1590277269.5542,BTCUSDT,Sell,0.01,9155.0,ZeroMinusTick,de00d8cf-4761-5a20-ad84-05e455577aca,9155000000.0,0.01,91.55
1590277269.5542,BTCUSDT,Sell,0.156,9155.0,MinusTick,fa126002-16a7-527c-979a-85431306a56e,142818000000.0,0.156,1428.18
1590277269.4547,BTCUSDT,Sell,0.02,9155.5,MinusTick,b5bf75e3-ccaf-5f0f-a699-68a58ac77e9c,18311000000.0,0.02,183.11
1590277269.3421,BTCUSDT,Sell,0.033,9157.0,ZeroMinusTick,6327c73d-0e9c-54f3-b339-ba7f110b0a30,30218100000.0,0.033,302.181
1590277269.3421,BTCUSDT,Sell,0.01,9157.0,ZeroMinusTick,47c1b50c-351c-55a8-83e9-2cdc6fddc3fc,9157000000.0,0.01,91.57
1590277269.3421,BTCUSDT,Sell,0.013,9157.0,ZeroMinusTick,09e95185-98e5-5bdc-84bd-ea83d358c634,11904100000.0,0.013,119.041
1590277269.3421,BTCUSDT,Sell,0.009,9157.0,ZeroMinusTick,c45c6692-e4fc-5d59-8c6f-5540498308b6,8241300000.0,0.009,82.413
1590277269.3421,BTCUSDT,Sell,0.005,9157.0,ZeroMinusTick,cf3803d4-5180-59b0-b95e-c0c076f5e959,4578500000.0,0.005,45.785
1590277269.3421,BTCUSDT,Sell,0.001,9157.0,ZeroMinusTick,06656d5a-f723-5e09-b5cc-2ffb5c3b8af1,915700000.0,0.001,9.157
1590277269.3421,BTCUSDT,Sell,0.045,9157.0,MinusTick,0a31c280-07db-5687-a503-59f97dac3021,41206500000.0,0.045,412.065
1590277264.5718,BTCUSDT,Buy,0.919,9157.5,MinusTick,11d9d285-7d3e-58bb-8b4a-14aa1753ef22,841574250000.0,0.919,8415.7425
1590277260.5866,BTCUSDT,Sell,0.01,9158.0,MinusTick,6b548ee2-278e-51d2-9e0b-6f2ffd4a2f14,9158000000.0,0.01,91.58
1590277260.4545,BTCUSDT,Sell,0.289,9159.5,ZeroMinusTick,7b369601-af4a-5eae-bfc6-473632bbb7e8,264709550000.0,0.289,2647.0955
1590277260.171,BTCUSDT,Sell,0.02,9159.5,MinusTick,92316b78-423d-5d0f-b3d5-85fcbd9d6d06,18319000000.0,0.02,183.19
1590277260.165,BTCUSDT,Buy,0.023,9160.0,PlusTick,3bc50fbf-a385-508f-a161-53311c59ff22,21068000000.0,0.023,210.68
1590277260.1646,BTCUSDT,Sell,1.161,9159.5,ZeroMinusTick,e9936141-4ca4-5b80-88ed-5bd8c45e22c3,1063417950000.0,1.161,10634.1795
1590277260.1646,BTCUSDT,Sell,1.44,9159.5,ZeroMinusTick,c4e8f048-2025-5222-bf79-06d85c1d4d17,1318968000000.0,1.44,13189.68
1590277260.1646,BTCUSDT,Sell,0.01,9159.5,MinusTick,303232f9-cbce-55af-bb8a-fbf90daf4f63,9159500000.0,0.01,91.595
1590277260.1598,BTCUSDT,Sell,0.005,9160.0,MinusTick,d95f7b2f-f8ed-5570-9a7f-f8da508deea6,4580000000.0,0.005,45.8
1590277260.0686,BTCUSDT,Sell,1.53,9160.5,MinusTick,251745df-ee64-50aa-b93d-590d36d214e8,1401556500000.0,1.53,14015.565
1590277230.5534,BTCUSDT,Buy,0.01,9161.5,MinusTick,284cbd8c-5ac0-5d41-89df-206a15e64d07,9161500000.0,0.01,91.615
1590277221.4989,BTCUSDT,Buy,0.167,9162.5,ZeroMinusTick,5ef226df-9dbb-561f-bea5-ef89377b219b,153013750000.0,0.167,1530.1375
1590277221.4989,BTCUSDT,Buy,1.388,9162.5,PlusTick,04d6c554-99ec-5d06-9c1c-164536999d56,1271755000000.0,1.388,12717.55
1590277221.4989,BTCUSDT,Sell,3.875,9161.5,ZeroMinusTick,92b070e8-e57f-56d1-8349-7306777b14bc,3550081250000.0,3.875,35500.8125
1590277221.4989,BTCUSDT,Sell,0.366,9161.5,MinusTick,aca993af-6969-57bb-9d6c-dd9b9fa053f5,335310900000.0,0.366,3353.109
1590277221.4989,BTCUSDT,Sell,0.001,9162.0,PlusTick,8e8ffa00-2013-5371-bbeb-bf7194991128,916200000.0000001,0.001,9.162
1590277221.4989,BTCUSDT,Sell,0.001,9161.5,MinusTick,0c90c1db-0f96-52b0-8de7-92cdbe78a430,916150000.0,0.001,9.1615
1590277202.856,BTCUSDT,Buy,0.005,9166.0,PlusTick,a960bcc1-c920-5929-9b33-f8b26e97545d,4583000000.0,0.005,45.83
1590277189.3963,BTCUSDT,Sell,0.02,9165.5,ZeroMinusTick,46c67dd6-3ad9-5e0b-a9f1-9d01271a71d0,18331000000.0,0.02,183.31
1590277177.8586,BTCUSDT,Sell,0.02,9165.5,MinusTick,3570b2fd-1020-5568-9607-9f9395f24735,18331000000.0,0.02,183.31
1590277149.9546,BTCUSDT,Buy,0.5,9166.0,MinusTick,9a3b9442-885f-54fa-8de0-40edff5a7370,458300000000.0,0.5,4583.0
1590277130.3183,BTCUSDT,Buy,0.004,9167.5,ZeroMinusTick,a5d0fc00-289f-5b6d-bd0a-cc77b3a011ae,3667000000.0,0.004,36.67
1590277128.4125,BTCUSDT,Buy,0.004,9167.5,MinusTick,fb985f57-343c-5e71-ab9b-93c30d4d8720,3667000000.0,0.004,36.67
1590277118.183,BTCUSDT,Sell,0.01,9168.5,ZeroMinusTick,d19a5411-0245-52d6-8486-fb7162cc49c9,9168500000.0,0.01,91.685
1590277117.4844,BTCUSDT,Sell,0.088,9168.5,PlusTick,59561f59-4cc5-57e9-80e9-506f6c12bb6d,80682800000.0,0.088,806.828
1590277081.1941,BTCUSDT,Sell,0.338,9164.5,ZeroMinusTick,0a535c18-2880-506f-a5e5-8a53922f5d9d,309760100000.0,0.338,3097.601
1590277081.1939,BTCUSDT,Sell,0.022,9164.5,ZeroMinusTick,3adb088a-1993-5d10-8d2a-eeaa73ef51b8,20161900000.0,0.022,201.619
1590277081.1937,BTCUSDT,Sell,0.044,9164.5,ZeroMinusTick,84b7880f-b835-5cbf-8836-d396fa40364c,40323800000.0,0.044,403.238
1590277081.1886,BTCUSDT,Sell,1.691,9164.5,MinusTick,864175ef-049b-5fa5-a81d-32ef134514cf,1549716950000.0,1.691,15497.1695
1590277081.1886,BTCUSDT,Sell,0.727,9165.0,ZeroMinusTick,677ed9b7-542b-5062-a089-13126656594d,666295500000.0,0.727,6662.955
1590277081.1886,BTCUSDT,Sell,0.01,9165.0,ZeroMinusTick,74cbd5d2-d197-542c-bfb3-d8ac63d24106,9165000000.0,0.01,91.65
1590277081.1886,BTCUSDT,Sell,0.024,9165.0,MinusTick,dfd561dd-4c40-5404-9a90-e1b62a1c419b,21996000000.0,0.024,219.96
1590277074.3245,BTCUSDT,Sell,0.02,9167.5,ZeroMinusTick,039bd20d-5824-51cf-bbb1-c260b974c739,18335000000.0,0.02,183.35
1590277074.3245,BTCUSDT,Sell,0.004,9167.5,MinusTick,5b08b3ff-4fc5-5089-9772-6623e3f58eff,3667000000.0,0.004,36.67
1590277053.5711,BTCUSDT,Sell,0.187,9168.5,ZeroMinusTick,b81a1a8d-1774-557f-b06a-f66601d3cb59,171450950000.0,0.187,1714.5095
1590277053.5711,BTCUSDT,Sell,0.001,9168.5,MinusTick,c9e68b82-fd6e-55f4-a1b1-8a282e016273,916850000.0,0.001,9.1685
1590277053.4538,BTCUSDT,Buy,0.028,9169.0,ZeroMinusTick,1708e152-d509-5bd7-b3e9-f14f3199dcb5,25673200000.000004,0.028,256.732
1590277051.2985,BTCUSDT,Sell,0.1,9169.0,ZeroMinusTick,97af8f60-1cef-59db-8edb-f53470161bab,91690000000.0,0.1,916.9
1590277051.2983,BTCUSDT,Sell,1.89,9169.0,ZeroMinusTick,2f0c3b24-3136-57cc-9e34-b414b10a94cf,1732941000000.0,1.89,17329.41
1590277051.2982,BTCUSDT,Sell,0.075,9169.0,ZeroMinusTick,9050a3ff-6467-5f55-850b-0067c1da25c7,68767500000.0,0.075,687.675
1590277051.298,BTCUSDT,Sell,0.259,9169.0,ZeroMinusTick,6550fc27-4a6d-525c-8d16-37fa465bd3c7,237477100000.00003,0.259,2374.771
1590277051.298,BTCUSDT,Sell,0.001,9169.0,MinusTick,432d5627-aa2a-5732-8972-d985bc836728,916900000.0,0.001,9.169
1590277051.2928,BTCUSDT,Sell,0.01,9169.5,MinusTick,559eeaad-5fc7-5398-a8ae-a9223206cee6,9169500000.0,0.01,91.695
1590277051.1836,BTCUSDT,Sell,0.01,9171.0,ZeroMinusTick,6d5eb783-e650-5b13-b9c9-aaf6a2472644,9171000000.0,0.01,91.71
1590277051.1836,BTCUSDT,Sell,0.05,9171.0,MinusTick,0f5abf9c-1c2f-5c84-9c2f-ed4c5d0e322d,45855000000.0,0.05,458.55
1590277030.132,BTCUSDT,Sell,0.079,9172.5,PlusTick,02626094-64eb-57aa-903c-d2493cf99ae7,72462750000.0,0.079,724.6275
1590277012.2095,BTCUSDT,Sell,0.022,9171.5,ZeroMinusTick,2e5f0e26-97ed-5385-9d96-31c08905ce64,20177300000.0,0.022,201.773
1590276991.417,BTCUSDT,Buy,0.019,9171.5,MinusTick,275b5ee3-2c92-50fd-af06-a6902751754c,17425850000.0,0.019,174.2585
1590276986.1455,BTCUSDT,Sell,5.0,9173.0,MinusTick,1d2591bf-dcb4-53a8-b7f4-59254f3e9508,4586500000000.0,5.0,45865.0
1590276984.5187,BTCUSDT,Buy,0.412,9173.5,PlusTick,10bd890e-5463-56c2-b19d-9ef28e622e73,377948200000.0,0.412,3779.482
1590276983.0334,BTCUSDT,Sell,0.902,9173.0,ZeroMinusTick,7dd72b17-5329-5aaa-b5fa-5b2fdd8cc472,827404600000.0,0.902,8274.046
1590276983.0334,BTCUSDT,Sell,0.02,9173.0,MinusTick,6a5a19a5-1424-5655-9d7b-3a8809cb8ad6,18346000000.0,0.02,183.46
1590276979.5224,BTCUSDT,Sell,0.5,9174.5,MinusTick,ae80a097-cccf-5983-bc68-dde068b9c1e0,458725000000.0,0.5,4587.25
1590276975.408,BTCUSDT,Buy,0.018,9175.5,MinusTick,2411fc1e-4880-558d-80bb-ab2f3ed50a1a,16515900000.0,0.018,165.159
1590276969.546,BTCUSDT,Sell,0.001,9177.0,MinusTick,bc472418-9306-5c1d-ad13-409a234c9799,917700000.0,0.001,9.177
1590276969.2306,BTCUSDT,Sell,0.02,9178.0,MinusTick,fe053f69-4764-54f9-ba10-d701c34fd4dc,18356000000.0,0.02,183.56
1590276968.9563,BTCUSDT,Sell,0.001,9179.5,MinusTick,44947e95-da84-5d4b-97ce-b39a6eb1f42f,917950000.0000001,0.001,9.1795
1590276968.8879,BTCUSDT,Sell,0.001,9180.5,MinusTick,828b29ae-fa06-55cc-b486-45cd092403f3,918050000.0,0.001,9.1805
1590276967.0545,BTCUSDT,Sell,0.001,9181.5,MinusTick,fd0ce0b7-8dbb-5f1d-86d4-1c7a2f083549,918150000.0,0.001,9.1815
1590276937.2908,BTCUSDT,Sell,0.02,9183.0,MinusTick,214972ce-2078-5a7d-91ee-b1161a21ea0e,18366000000.0,0.02,183.66
1590276920.5463,BTCUSDT,Sell,0.02,9186.0,MinusTick,7af60adf-9c28-5a4f-a6c7-749d2e5f3d7f,18372000000.0,0.02,183.72
1590276917.8833,BTCUSDT,Sell,0.225,9187.0,ZeroMinusTick,7cf23a9f-8b38-5c97-a352-a612bf779a3d,206707499999.99997,0.225,2067.075
1590276917.6341,BTCUSDT,Sell,0.224,9187.0,MinusTick,5ac43dc3-d558-5f98-bb48-5d2f6aab5592,205788800000.0,0.224,2057.888
1590276917.6341,BTCUSDT,Sell,0.001,9187.5,MinusTick,fc061a92-bbdd-5719-8aeb-d999081e2ba8,918750000.0,0.001,9.1875
1590276910.3714,BTCUSDT,Buy,0.024,9188.0,MinusTick,b20d3fd9-5856-5812-97c9-1134cf85dd75,22051200000.0,0.024,220.512
1590276909.9189,BTCUSDT,Sell,0.5,9191.0,ZeroMinusTick,e70098d8-5005-5421-a883-d8c299ac8abc,459550000000.0,0.5,4595.5
1590276909.7903,BTCUSDT,Sell,6.0,9191.0,MinusTick,c42f6199-165d-5ef8-b7d6-dcfc2ff1ea7b,5514600000000.0,6.0,55146.0
1590276909.6779,BTCUSDT,Sell,0.001,9192.0,ZeroMinusTick,69a369ef-236b-573a-a4d4-dd5f7379c8cb,919200000.0,0.001,9.192
1590276909.6779,BTCUSDT,Sell,0.958,9192.0,MinusTick,33f28332-4cff-5afd-bdc9-5b419012162f,880593600000.0,0.958,8805.936
1590276866.8428,BTCUSDT,Buy,0.225,9192.5,ZeroMinusTick,a606d87e-28d8-51ae-b32b-fb2717965840,206831250000.0,0.225,2068.3125
1590276863.0297,BTCUSDT,Buy,0.224,9192.5,ZeroMinusTick,949e4239-e05e-5c26-9b5a-4c5f169c4c93,205912000000.0,0.224,2059.12
1590276863.0297,BTCUSDT,Buy,0.001,9192.5,ZeroMinusTick,c8af6cba-5855-5251-83d0-1c4f8e071fac,919250000.0000001,0.001,9.1925
1590276841.6447,BTCUSDT,Buy,0.001,9192.5,ZeroMinusTick,4a799b4e-e02b-55a8-afbd-ff353f887f6b,919250000.0000001,0.001,9.1925
1590276791.8528,BTCUSDT,Buy,0.18,9192.5,ZeroMinusTick,366b8c22-1509-5b59-8a6e-afe18906c717,165465000000.0,0.18,1654.65
1590276791.8404,BTCUSDT,Buy,0.175,9192.5,PlusTick,3eedfe00-1a51-5476-b35a-632f881c5816,160868750000.0,0.175,1608.6875
1590276788.0709,BTCUSDT,Buy,0.001,9188.0,ZeroMinusTick,73f8e3f0-f756-53d3-b3b1-4b72a61a7d7d,918800000.0000001,0.001,9.188
1590276788.0709,BTCUSDT,Buy,0.02,9188.0,PlusTick,ab77c221-72ea-57f0-95b7-e9a04ccc2d15,18376000000.0,0.02,183.76
1590276767.0358,BTCUSDT,Sell,0.456,9187.0,ZeroMinusTick,26abe7cb-0019-5eb7-adf7-33c49a85169f,418927200000.0,0.456,4189.272
1590276748.5962,BTCUSDT,Buy,0.001,9187.0,PlusTick,c72460b8-701b-53d0-84fc-0093c44deac1,918699999.9999999,0.001,9.187
1590276744.2734,BTCUSDT,Sell,0.592,9185.5,ZeroMinusTick,109c3a11-8eb5-51b9-bb73-7dd192a47516,543781600000.0,0.592,5437.816
1590276736.9931,BTCUSDT,Sell,0.029,9185.5,ZeroMinusTick,ac69afcb-7b9b-5e42-9ad5-88d63ca4ea52,26637950000.0,0.029,266.3795
1590276727.2643,BTCUSDT,Sell,0.001,9185.5,MinusTick,24b1a045-b17a-52b6-972e-56ad0feb5b32,918549999.9999999,0.001,9.1855
1590276708.2475,BTCUSDT,Buy,0.035,9187.0,PlusTick,d1bf71e5-2100-5978-9a9a-968b20b690af,32154500000.0,0.035,321.545
1590276708.2475,BTCUSDT,Buy,0.2,9186.0,ZeroMinusTick,216d8c13-ff85-54fd-b4f4-6eb6440449ed,183720000000.0,0.2,1837.2
1590276708.2475,BTCUSDT,Buy,1.5,9186.0,ZeroMinusTick,1be031df-4d8c-519a-bda9-50cef460ca8b,1377900000000.0,1.5,13779.0
1590276708.2475,BTCUSDT,Buy,4.4,9186.0,ZeroMinusTick,64c7f3f7-e5a7-58ae-ac92-7cab3fe81398,4041840000000.0,4.4,40418.4
1590276708.2475,BTCUSDT,Buy,6.0,9186.0,ZeroMinusTick,dbb72245-d4f6-5847-b655-fe2efb71625a,5511600000000.0,6.0,55116.0
1590276708.2475,BTCUSDT,Buy,0.012,9186.0,ZeroMinusTick,24b90531-77be-5363-afc2-87246181b584,11023200000.0,0.012,110.232
1590276703.648,BTCUSDT,Buy,0.002,9186.0,PlusTick,4a621872-d9be-5295-9870-673bb1e27d58,1837200000.0,0.002,18.372
1590276702.5071,BTCUSDT,Buy,0.001,9182.0,PlusTick,23cbf8bd-7f2f-545a-a22a-dc3199e56ca7,918200000.0,0.001,9.182
1590276691.528,BTCUSDT,Sell,0.5,9181.5,PlusTick,cb4be393-4e85-54b1-b115-32f1f3288de2,459075000000.0,0.5,4590.75
1590276673.2411,BTCUSDT,Buy,0.02,9179.5,PlusTick,cef40e26-e290-5329-b25e-b8c497b0a1fc,18359000000.0,0.02,183.59
1590276672.8898,BTCUSDT,Buy,0.009,9179.0,ZeroMinusTick,920f01b6-1288-5297-9524-89d4ee7d5bd9,8261100000.0,0.009,82.611
1590276672.8898,BTCUSDT,Buy,0.045,9179.0,ZeroMinusTick,ff68d9d4-45de-5633-b267-2bdebc0a9e48,41305500000.0,0.045,413.055
1590276672.8898,BTCUSDT,Buy,0.005,9179.0,ZeroMinusTick,cdebda8d-8217-51ba-80f6-561464df61ab,4589500000.0,0.005,45.895
1590276672.8898,BTCUSDT,Buy,0.033,9179.0,ZeroMinusTick,7957c3d2-aeae-5b44-9116-a4f3e6815c76,30290700000.0,0.033,302.907
1590276672.8898,BTCUSDT,Buy,0.013,9179.0,PlusTick,208211e1-c038-5c2f-a788-d9e2d953fc8d,11932700000.0,0.013,119.327
1590276645.5361,BTCUSDT,Buy,0.003,9174.5,ZeroMinusTick,6a940eb3-8ac3-5abd-90a7-39ffeccadcbd,2752350000.0,0.003,27.5235
1590276645.5361,BTCUSDT,Buy,0.181,9174.5,ZeroMinusTick,1590280a-b066-5d10-9547-100342788529,166058450000.0,0.181,1660.5845
1590276645.5361,BTCUSDT,Buy,0.005,9174.5,ZeroMinusTick,ea5c3cdf-cadb-53e8-87b8-16a75492b632,4587250000.0,0.005,45.8725
1590276645.5361,BTCUSDT,Buy,0.004,9174.5,ZeroMinusTick,351fade0-6032-5a8e-8dec-93b59cc33634,3669800000.0,0.004,36.698
1590276645.5361,BTCUSDT,Buy,0.005,9174.5,ZeroMinusTick,70c1dba2-df8c-50ac-90ed-71107db13a1f,4587250000.0,0.005,45.8725
1590276645.5361,BTCUSDT,Buy,0.011,9174.5,ZeroMinusTick,e496738b-6078-508e-862c-30e353a3661e,10091950000.0,0.011,100.9195
1590276645.5361,BTCUSDT,Buy,0.002,9174.5,ZeroMinusTick,01cf4d07-136a-5099-8d00-2ed436b78bb8,1834900000.0,0.002,18.349
1590276645.5361,BTCUSDT,Buy,0.003,9174.5,ZeroMinusTick,d07a56a1-f1c8-5cad-aab8-4ecc672d88a9,2752350000.0,0.003,27.5235
1590276645.5361,BTCUSDT,Buy,0.018,9174.5,ZeroMinusTick,b3e47814-2c21-50e2-9698-ae1f280f2cf8,16514100000.0,0.018,165.141
1590276645.5361,BTCUSDT,Buy,0.003,9174.5,ZeroMinusTick,ddce50e1-4a91-516a-87b2-ab93ff501517,2752350000.0,0.003,27.5235
1590276645.5361,BTCUSDT,Buy,0.028,9174.5,ZeroMinusTick,83363c0b-f366-5c85-bcdf-5c1cdd34fecf,25688600000.000004,0.028,256.886
1590276645.5361,BTCUSDT,Buy,0.002,9174.5,ZeroMinusTick,525db155-1fa6-5cc7-98b1-60c71d0989fa,1834900000.0,0.002,18.349
1590276645.5361,BTCUSDT,Buy,0.019,9174.5,ZeroMinusTick,55fdb1f0-81a2-5ced-a59f-4df6b39d36a4,17431550000.0,0.019,174.3155
1590276645.5361,BTCUSDT,Buy,0.003,9174.5,ZeroMinusTick,4f31b31c-fcc9-589f-9fad-a07109725dc8,2752350000.0,0.003,27.5235
1590276645.5361,BTCUSDT,Buy,0.002,9174.5,ZeroMinusTick,15c09dbc-facb-5bfe-8827-c37350dc22e1,1834900000.0,0.002,18.349
1590276645.5361,BTCUSDT,Buy,0.016,9174.5,ZeroMinusTick,2b6e14d0-de6c-52a1-82e8-d5eae80dcfc7,14679200000.0,0.016,146.792
1590276645.5361,BTCUSDT,Buy,0.015,9174.5,ZeroMinusTick,42abcbb5-12c1-54ca-aa65-84016d5fb26e,13761750000.0,0.015,137.6175
1590276645.5361,BTCUSDT,Buy,0.004,9174.5,ZeroMinusTick,9965d13f-6b7d-5c2b-a205-cb4b6b37d853,3669800000.0,0.004,36.698
1590276645.5361,BTCUSDT,Buy,0.008,9174.5,ZeroMinusTick,abf92e9f-68c1-5179-a97e-4003d665b5e4,7339600000.0,0.008,73.396
1590276645.5361,BTCUSDT,Buy,0.009,9174.5,ZeroMinusTick,6a984ea9-b4b4-55dd-9537-194f0be6c593,8257050000.0,0.009,82.5705
1590276645.5361,BTCUSDT,Buy,0.011,9174.5,ZeroMinusTick,327642a6-4706-5cda-830d-53c34f9fc253,10091950000.0,0.011,100.9195
1590276645.5361,BTCUSDT,Buy,0.003,9174.5,ZeroMinusTick,15318fd7-dc8c-5d05-a0ec-51fb07eb0c53,2752350000.0,0.003,27.5235
1590276645.5361,BTCUSDT,Buy,0.002,9174.5,ZeroMinusTick,99fe3856-df74-57d9-98aa-f7387ee3bed0,1834900000.0,0.002,18.349
1590276645.5361,BTCUSDT,Buy,0.012,9174.5,ZeroMinusTick,2ec76805-a289-53e4-abf1-70108ec62956,11009400000.0,0.012,110.094
1590276645.5361,BTCUSDT,Buy,0.002,9174.5,ZeroMinusTick,37e8e0fb-24a2-5c69-8ba6-abe855907a2f,1834900000.0,0.002,18.349
1590276645.5361,BTCUSDT,Buy,0.002,9174.5,ZeroMinusTick,5a35c323-4c34-5077-951c-326521fcdc20,1834900000.0,0.002,18.349
1590276645.5361,BTCUSDT,Buy,0.002,9174.5,ZeroMinusTick,daef3388-3237-55a9-a641-cbb4fd56c032,1834900000.0,0.002,18.349
1590276645.5361,BTCUSDT,Buy,0.003,9174.5,ZeroMinusTick,938bb2c4-c7d6-5236-a07d-6e1030fecbe5,2752350000.0,0.003,27.5235
1590276645.5361,BTCUSDT,Buy,0.042,9174.5,ZeroMinusTick,fde00448-0cfa-54df-a9e8-c8373bef79ea,38532900000.0,0.042,385.329
1590276645.5361,BTCUSDT,Buy,0.003,9174.5,PlusTick,bd18189c-daf7-524d-bec5-33b8ce5cbcc8,2752350000.0,0.003,27.5235
1590276621.2149,BTCUSDT,Sell,0.8,9174.0,ZeroMinusTick,12c77465-7bb0-5ee3-99f8-7e5baa7f55a5,733920000000.0,0.8,7339.2
1590276621.2095,BTCUSDT,Sell,0.05,9174.0,MinusTick,f62c671d-c719-5690-8eab-269d55763f78,45870000000.0,0.05,458.7
1590276621.2095,BTCUSDT,Sell,0.001,9177.0,PlusTick,7b854559-3ece-53e4-a955-5205f2e48fe8,917700000.0,0.001,9.177
1590276621.2095,BTCUSDT,Sell,0.02,9174.0,MinusTick,2f9b981f-d8de-5858-84a2-05f75a84de26,18348000000.0,0.02,183.48
1590276621.2095,BTCUSDT,Sell,0.003,9175.0,MinusTick,8906799b-d8a3-5a7d-bd24-5daafc1c39ec,2752500000.0,0.003,27.525
1590276621.2027,BTCUSDT,Sell,0.011,9178.0,ZeroMinusTick,cad8f7ed-4df0-5bc0-a87b-3f44e7769857,10095800000.0,0.011,100.958
1590276621.2027,BTCUSDT,Sell,0.019,9178.0,ZeroMinusTick,e42faa40-edde-5b77-8fad-b8d80363512d,17438200000.0,0.019,174.382
1590276621.2027,BTCUSDT,Sell,0.045,9178.0,ZeroMinusTick,6035d00c-d6a5-5cb6-8e17-3928f31d3519,41301000000.0,0.045,413.01
1590276621.2027,BTCUSDT,Sell,0.016,9178.0,ZeroMinusTick,5dda9555-0b80-5426-a4bb-99393512cbf1,14684800000.000002,0.016,146.848
1590276621.2027,BTCUSDT,Sell,0.013,9178.0,ZeroMinusTick,12def2a9-2b5e-5839-9048-7fe10aa16f42,11931400000.0,0.013,119.314
1590276621.2027,BTCUSDT,Sell,0.03,9178.0,ZeroMinusTick,477f1032-33e9-52b5-a6ca-727603476ecc,27533999999.999996,0.03,275.34
1590276621.2027,BTCUSDT,Sell,0.002,9178.0,ZeroMinusTick,bad70771-4974-57a8-b25f-9be560edaf27,1835600000.0000002,0.002,18.356
1590276621.2027,BTCUSDT,Sell,0.012,9178.0,ZeroMinusTick,991ad5f1-756f-5378-80fc-74facdae9c25,11013600000.0,0.012,110.136
1590276621.2027,BTCUSDT,Sell,0.003,9178.0,ZeroMinusTick,84bdea88-7958-5a25-b60a-e515d440b45f,2753400000.0,0.003,27.534
1590276621.2027,BTCUSDT,Sell,0.005,9178.0,ZeroMinusTick,5fde3c54-ad79-52e7-bfcd-6f07d908b579,4589000000.0,0.005,45.89
1590276621.2027,BTCUSDT,Sell,0.009,9178.0,ZeroMinusTick,84dd222b-aaef-523d-b0a9-114d1bd401ea,8260200000.0,0.009,82.602
1590276621.2027,BTCUSDT,Sell,0.033,9178.0,ZeroMinusTick,5ff9b214-5abb-5671-afe5-8a236df87e09,30287400000.000004,0.033,302.874
1590276621.2027,BTCUSDT,Sell,0.181,9178.0,ZeroMinusTick,7bb1adf1-d498-5220-a749-0595ab2f2113,166121800000.0,0.181,1661.218
1590276621.2027,BTCUSDT,Sell,0.002,9178.0,ZeroMinusTick,d953995e-525c-52ff-9a81-ceb3915925fb,1835600000.0000002,0.002,18.356
1590276621.2027,BTCUSDT,Sell,0.003,9178.0,ZeroMinusTick,6f78a734-afdb-52f4-99d3-2fba721f0553,2753400000.0,0.003,27.534
1590276621.2027,BTCUSDT,Sell,0.042,9178.0,ZeroMinusTick,fd9ae58d-d9d6-5695-8a23-3da17ec496ee,38547600000.0,0.042,385.476
1590276621.2027,BTCUSDT,Sell,0.005,9178.0,ZeroMinusTick,111ca20a-89ce-53b2-b760-d509ac2cfff9,4589000000.0,0.005,45.89
1590276621.2027,BTCUSDT,Sell,0.002,9178.0,ZeroMinusTick,660fe7bc-ca15-575c-9c59-955e841b5d4b,1835600000.0000002,0.002,18.356
1590276621.2027,BTCUSDT,Sell,0.009,9178.0,ZeroMinusTick,184b53ce-5861-5295-a35b-7e3af949a3bb,8260200000.0,0.009,82.602
1590276621.2027,BTCUSDT,Sell,0.003,9178.0,ZeroMinusTick,89c4b706-f456-55a0-8edc-fbcc0c17a2f0,2753400000.0,0.003,27.534
1590276621.2027,BTCUSDT,Sell,0.027,9178.0,ZeroMinusTick,ff441433-5662-5272-b5c3-26f4e688ec27,24780600000.0,0.027,247.806
1590276621.2027,BTCUSDT,Sell,0.002,9178.0,ZeroMinusTick,2dab518b-7cd7-5eb9-81d2-07bc70e4545b,1835600000.0000002,0.002,18.356
1590276621.2027,BTCUSDT,Sell,0.004,9178.0,ZeroMinusTick,24b216c3-4665-5e2e-811f-ac3b9d2321eb,3671200000.0000005,0.004,36.712
1590276621.2027,BTCUSDT,Sell,0.003,9178.0,ZeroMinusTick,44a15d51-eecd-5089-92d5-78204863b1ee,2753400000.0,0.003,27.534
1590276621.2027,BTCUSDT,Sell,0.003,9178.0,ZeroMinusTick,7b4465fb-42f9-546d-a696-afc66b3ae895,2753400000.0,0.003,27.534
1590276621.2027,BTCUSDT,Sell,0.003,9178.0,ZeroMinusTick,6b3a2dd8-e784-5d86-b342-579e4eea7f10,2753400000.0,0.003,27.534
1590276621.2027,BTCUSDT,Sell,0.003,9178.0,ZeroMinusTick,127a76de-ac60-5db9-818b-f4770945fb42,2753400000.0,0.003,27.534
1590276621.2027,BTCUSDT,Sell,0.002,9178.0,ZeroMinusTick,c7446daf-6f06-54fb-a9b8-499e92d92d91,1835600000.0000002,0.002,18.356
1590276621.2027,BTCUSDT,Sell,0.018,9178.0,ZeroMinusTick,a191b2b6-00fc-53cb-a7b6-7df7f6806f26,16520400000.0,0.018,165.204
1590276621.2027,BTCUSDT,Sell,0.004,9178.0,ZeroMinusTick,a4342425-60c9-59f2-add8-f3677f8f20e0,3671200000.0000005,0.004,36.712
1590276621.2027,BTCUSDT,Sell,0.002,9178.0,ZeroMinusTick,66eb62cf-2053-5334-9b67-0e221c930a74,1835600000.0000002,0.002,18.356
1590276621.2027,BTCUSDT,Sell,0.005,9178.0,ZeroMinusTick,14adc058-dc39-5ee5-90fd-cce5dfae01db,4589000000.0,0.005,45.89
1590276621.2027,BTCUSDT,Sell,0.011,9178.0,ZeroMinusTick,62c5a47c-a4fc-5180-adc1-7c5be8ee9f94,10095800000.0,0.011,100.958
1590276621.2027,BTCUSDT,Sell,0.008,9178.0,ZeroMinusTick,0f54e32e-aa55-5060-b222-e91951df30f2,7342400000.000001,0.008,73.424
1590276621.2027,BTCUSDT,Sell,0.002,9178.0,MinusTick,e8a2cfca-2c4a-5386-94ba-4a5f78372bac,1835600000.0000002,0.002,18.356
1590276620.4989,BTCUSDT,Sell,0.02,9179.0,ZeroMinusTick,301a9faa-aba0-55f1-96af-f393fc559630,18358000000.0,0.02,183.58
1590276620.4989,BTCUSDT,Sell,0.007,9179.0,ZeroMinusTick,717e6c35-ef42-5239-941a-1b995467fa56,6425300000.0,0.007,64.253
1590276620.4609,BTCUSDT,Sell,0.023,9179.0,ZeroMinusTick,83a39240-6708-5d19-8192-e842599d3794,21111700000.0,0.023,211.117
1590276620.3428,BTCUSDT,Sell,0.04,9179.0,MinusTick,36b6572e-7784-5869-9299-76b567c850bf,36716000000.0,0.04,367.16
1590276619.8752,BTCUSDT,Sell,0.105,9180.0,ZeroMinusTick,9765dddc-8d01-5546-832d-c68d66422a81,96390000000.0,0.105,963.9
1590276619.8701,BTCUSDT,Sell,8.98,9180.0,ZeroMinusTick,9c0d43b9-dadd-52ae-978b-48b62f7f0e49,8243639999999.999,8.98,82436.4
1590276619.8701,BTCUSDT,Sell,0.01,9180.0,ZeroMinusTick,a7e3e599-decd-54f6-8587-eed285378da5,9180000000.0,0.01,91.8
1590276619.8701,BTCUSDT,Sell,0.01,9180.0,MinusTick,369e5fa8-d25c-57c2-9916-6c97c93d489a,9180000000.0,0.01,91.8
1590276611.3631,BTCUSDT,Sell,0.001,9182.0,MinusTick,b092ff9d-14a0-5580-a1f1-c734d58d92dc,918200000.0,0.001,9.182
1590276610.2564,BTCUSDT,Sell,1.683,9185.5,ZeroMinusTick,d294a798-48f6-5fe1-8829-7c52901e0860,1545919650000.0,1.683,15459.1965
1590276610.2564,BTCUSDT,Sell,0.077,9185.5,ZeroMinusTick,2ad0ba96-3406-518f-b058-29647b61ef3c,70728350000.0,0.077,707.2835
1590276562.7156,BTCUSDT,Buy,0.787,9185.5,ZeroMinusTick,671e4fd9-5e17-576a-90d2-e28df20af1c2,722898850000.0,0.787,7228.9885
1590276562.6171,BTCUSDT,Buy,0.943,9185.5,PlusTick,4df1e056-25f2-55db-9dad-0a8fc4f38e39,866192650000.0,0.943,8661.9265
1590276550.1639,BTCUSDT,Sell,0.021,9184.0,ZeroMinusTick,94db8624-4f56-5297-86fe-4d3b1b2f8efb,19286400000.0,0.021,192.864
1590276533.1546,BTCUSDT,Sell,0.022,9184.0,ZeroMinusTick,d204f6f3-c685-56ab-ad56-65514ff86a52,20204800000.0,0.022,202.048
1590276532.8941,BTCUSDT,Sell,0.005,9184.0,ZeroMinusTick,49acb9fb-958a-5dfa-aa46-b2e4db61abf1,4592000000.0,0.005,45.92
1590276516.1454,BTCUSDT,Sell,0.794,9184.0,MinusTick,c4ff0a32-5e47-5476-b4c3-11afd583c367,729209600000.0,0.794,7292.096
1590276514.7757,BTCUSDT,Buy,0.011,9184.5,PlusTick,eaaabbeb-aef9-5fdf-8ed3-552ef04f2222,10102950000.0,0.011,101.0295
1590276513.8842,BTCUSDT,Sell,0.009,9184.0,ZeroMinusTick,4e28870f-254a-595a-947a-9d46c76e7c7d,8265600000.000001,0.009,82.656
1590276499.1363,BTCUSDT,Sell,0.028,9184.0,ZeroMinusTick,5e5921a1-9748-58a2-a716-5b02adaa75aa,25715200000.0,0.028,257.152
1590276492.8743,BTCUSDT,Sell,0.416,9184.0,ZeroMinusTick,4c42f443-1890-5402-816f-ad8c117dd3ae,382054400000.0,0.416,3820.544
1590276482.1269,BTCUSDT,Sell,0.012,9184.0,ZeroMinusTick,2c72498a-e290-5616-92b3-af649c86231b,11020800000.0,0.012,110.208
1590276473.8643,BTCUSDT,Sell,0.611,9184.0,MinusTick,b2259ddc-eeb1-59f6-b0d5-dfc0fae8a7e8,561142400000.0,0.611,5611.424
1590276471.9774,BTCUSDT,Buy,0.01,9184.5,PlusTick,abd1a469-36a5-5f51-b767-118a27db1254,9184500000.0,0.01,91.845
1590276467.1177,BTCUSDT,Sell,0.015,9184.0,MinusTick,94ac0849-3801-580b-96ba-8896ef32f50e,13776000000.0,0.015,137.76
1590276459.4916,BTCUSDT,Buy,0.004,9184.5,PlusTick,8f35b0cb-28df-596b-bff3-7cc6f9192e9a,3673800000.0,0.004,36.738
1590276455.2454,BTCUSDT,Sell,0.029,9184.0,ZeroMinusTick,c801dfb8-f640-5c01-9570-3ab06327c13d,26633600000.0,0.029,266.336
1590276452.8546,BTCUSDT,Sell,0.01,9184.0,ZeroMinusTick,1add0be3-a59b-5084-98c4-98ef4d84ccc2,9184000000.0,0.01,91.84
1590276450.1086,BTCUSDT,Sell,0.024,9184.0,ZeroMinusTick,1d7a5f84-4931-55e2-bf64-32b9566ef6ac,22041600000.0,0.024,220.416
1590276448.389,BTCUSDT,Sell,1.814,9184.0,ZeroMinusTick,8784727b-e328-5554-bc5c-43f320662d24,1665977600000.0002,1.814,16659.776
1590276448.389,BTCUSDT,Sell,0.191,9184.0,ZeroMinusTick,9137800a-cf01-58a6-948b-851fcfdcd912,175414400000.0,0.191,1754.144
1590276443.4018,BTCUSDT,Sell,2.004,9184.0,ZeroMinusTick,95debe6d-11f4-568a-bd04-f5f3490683cf,1840473600000.0,2.004,18404.736
1590276432.6593,BTCUSDT,Sell,3.805,9184.0,ZeroMinusTick,e973a0f8-bf01-5c4d-8232-d1cb3421ba7e,3494512000000.0005,3.805,34945.12
1590276432.6593,BTCUSDT,Sell,0.2,9184.0,ZeroMinusTick,3ccebef0-2aeb-5c72-95d2-0b38ff8a7c1a,183680000000.0,0.2,1836.8
1590276432.6593,BTCUSDT,Sell,0.001,9184.0,MinusTick,719ab1d6-a2e9-5881-9a71-df5d4c624bdd,918399999.9999999,0.001,9.184
1590276425.9518,BTCUSDT,Sell,0.323,9188.0,MinusTick,b8f85110-18b7-5c65-b046-1e5c533ed8bd,296772400000.0,0.323,2967.724
1590276424.9027,BTCUSDT,Sell,0.02,9188.5,MinusTick,8f81c693-02eb-593f-a3ca-f543284effa6,18377000000.0,0.02,183.77
1590276420.6948,BTCUSDT,Sell,0.25,9189.0,ZeroMinusTick,ce5999c3-ce24-5d2a-9b07-1a6aa19ae6da,229725000000.0,0.25,2297.25
1590276417.8967,BTCUSDT,Sell,0.083,9189.0,MinusTick,f83ffff3-a943-5685-b76c-3c997ffa15f9,76268700000.0,0.083,762.687
1590276417.8967,BTCUSDT,Sell,0.2,9189.5,ZeroMinusTick,bb481496-4307-59dd-ae24-77b130239d02,183790000000.0,0.2,1837.9
1590276417.8967,BTCUSDT,Sell,1.717,9189.5,MinusTick,e2f8d379-2ac3-57f4-afb9-757a9c364f94,1577837150000.0,1.717,15778.3715
1590276413.8376,BTCUSDT,Buy,0.147,9190.0,MinusTick,358164c2-24fa-583c-899e-83ed22f23a6a,135093000000.0,0.147,1350.93
1590276405.086,BTCUSDT,Buy,0.024,9193.5,ZeroMinusTick,2514fcd7-fad0-5fa7-a7ea-f1adad6041d5,22064400000.0,0.024,220.644
1590276394.8276,BTCUSDT,Buy,0.004,9193.5,ZeroMinusTick,3109132f-b5f0-537d-b5d7-382fd1909aff,3677400000.0,0.004,36.774
1590276388.077,BTCUSDT,Buy,0.022,9193.5,ZeroMinusTick,d55f8354-897f-559c-a8ea-ed8c81f9f7d1,20225700000.0,0.022,202.257
1590276374.8176,BTCUSDT,Buy,0.897,9193.5,MinusTick,1d520ee9-e71f-5d2f-a380-afe767b07391,824656950000.0,0.897,8246.5695
1590276353.522,BTCUSDT,Buy,0.2,9194.0,PlusTick,d56f766b-441d-5533-a81a-ec765c058582,183880000000.0,0.2,1838.8
1590276352.7045,BTCUSDT,Sell,0.007,9193.5,MinusTick,bedfaff5-e026-5258-8c26-39522d77121a,6435450000.0,0.007,64.3545
1590276348.4548,BTCUSDT,Buy,0.18,9194.0,ZeroMinusTick,b1996d7b-67d7-5edd-bde8-60d91b554804,165492000000.0,0.18,1654.92
1590276348.4548,BTCUSDT,Buy,0.02,9194.0,PlusTick,e18e38c3-e0be-5480-9b17-b64f105ec62d,18388000000.0,0.02,183.88
1590276340.9476,BTCUSDT,Buy,0.2,9190.0,PlusTick,ecc173d3-3c82-56fb-9d72-81c938f79d8e,183800000000.0,0.2,1838.0
1590276337.0443,BTCUSDT,Sell,0.028,9189.5,PlusTick,a4b1e720-5dbf-57d9-ad27-f51880d97e14,25730600000.0,0.028,257.306
1590276292.7739,BTCUSDT,Sell,0.027,9188.0,MinusTick,cc3b3b49-6301-5366-ba8a-a1d81dec312a,24807600000.0,0.027,248.076
1590276290.7097,BTCUSDT,Sell,0.5,9188.5,ZeroMinusTick,3b05a5d9-2bd4-5fe8-9d54-6273c03d8f60,459425000000.0,0.5,4594.25
1590276290.7097,BTCUSDT,Sell,0.299,9188.5,ZeroMinusTick,2bbd107d-f1d2-5299-b9ab-bfd18892b330,274736150000.0,0.299,2747.3615
1590276290.7097,BTCUSDT,Sell,0.001,9188.5,ZeroMinusTick,b0b3596e-e80a-5ff3-90f3-6851cb5bb87b,918850000.0,0.001,9.1885
1590276290.7097,BTCUSDT,Sell,0.2,9188.5,MinusTick,97b34e6e-f00e-5359-8733-a74d0b9652fb,183770000000.0,0.2,1837.7
1590276277.815,BTCUSDT,Buy,0.1,9189.0,ZeroMinusTick,a7d88c15-6baf-5af4-b243-890e565551b7,91890000000.0,0.1,918.9
1590276277.7153,BTCUSDT,Buy,0.1,9189.0,ZeroMinusTick,0e59067b-ed61-5666-8d4d-7008f69dbf3f,91890000000.0,0.1,918.9
1590276275.615,BTCUSDT,Buy,0.1,9189.0,ZeroMinusTick,7f4b2839-6594-59fc-b013-71743cac85e2,91890000000.0,0.1,918.9
1590276275.5148,BTCUSDT,Buy,0.399,9189.0,ZeroMinusTick,082ae636-c5b5-5c87-8d93-654d00bdca27,366641100000.0,0.399,3666.411
1590276275.4149,BTCUSDT,Buy,0.1,9189.0,ZeroMinusTick,0265c368-b4bd-5b93-be17-febcafcd4825,91890000000.0,0.1,918.9
1590276275.3149,BTCUSDT,Buy,0.1,9189.0,ZeroMinusTick,8e76d788-9b3f-51c0-a370-c03be85ac30d,91890000000.0,0.1,918.9
1590276275.2149,BTCUSDT,Buy,0.1,9189.0,ZeroMinusTick,69129797-fe70-5ca4-b9fc-5fc49891b9a5,91890000000.0,0.1,918.9
1590276275.1149,BTCUSDT,Buy,0.1,9189.0,ZeroMinusTick,914f2abb-bed6-554c-a59e-05dbcf317f3d,91890000000.0,0.1,918.9
1590276275.015,BTCUSDT,Buy,0.1,9189.0,ZeroMinusTick,7ac674fc-3ad7-5823-9b9e-48f54c6e5a5f,91890000000.0,0.1,918.9
1590276274.915,BTCUSDT,Buy,0.1,9189.0,ZeroMinusTick,6ee199b6-cd55-5e63-a6ea-ed93a57b8284,91890000000.0,0.1,918.9
1590276274.8149,BTCUSDT,Buy,0.1,9189.0,ZeroMinusTick,8e1f93e3-3f72-57f5-aa10-c18d6007a573,91890000000.0,0.1,918.9
1590276274.715,BTCUSDT,Buy,0.36,9189.0,PlusTick,9b04832d-61f4-55b1-b95a-aabad745e3fd,330804000000.0,0.36,3308.04
1590276273.0075,BTCUSDT,Sell,0.393,9188.5,ZeroMinusTick,6311775e-5f49-547c-83a8-47cfc7aedc55,361108050000.0,0.393,3611.0805
1590276271.7635,BTCUSDT,Sell,0.126,9188.5,PlusTick,d92a9d43-9b24-5d8d-98b0-4a18616cfcc9,115775100000.0,0.126,1157.751
1590276251.469,BTCUSDT,Buy,1.98,9185.5,PlusTick,1d64e498-8fbc-5284-9441-44db8acd9f43,1818729000000.0,1.98,18187.29
1590276247.3763,BTCUSDT,Sell,0.994,9181.0,ZeroMinusTick,226095f8-a470-51a8-a6d9-e04771828265,912591400000.0001,0.994,9125.914
1590276247.3763,BTCUSDT,Sell,0.004,9181.0,ZeroMinusTick,b61e6dd3-4976-5699-bb18-34af9d3776fc,3672399999.9999995,0.004,36.724
1590276247.3763,BTCUSDT,Sell,0.002,9181.0,MinusTick,ba6ebbc7-8e99-51d8-bba1-c18fca94e882,1836199999.9999998,0.002,18.362
1590276246.4303,BTCUSDT,Sell,0.2,9182.0,ZeroMinusTick,4470ca4e-bfc4-51b5-a984-74806f5d05c5,183640000000.0,0.2,1836.4
1590276246.4303,BTCUSDT,Sell,3.698,9182.0,ZeroMinusTick,e55f97df-2a44-557f-9738-3458003ca082,3395503600000.0,3.698,33955.036
1590276245.932,BTCUSDT,Sell,0.17,9182.0,ZeroMinusTick,ff2fcf76-2683-5486-8d5a-7256f2190e2c,156094000000.0,0.17,1560.94
1590276245.9159,BTCUSDT,Sell,0.613,9182.0,ZeroMinusTick,1f839f5e-d5af-5e53-8311-10031641d3cc,562856600000.0,0.613,5628.566
1590276245.9159,BTCUSDT,Sell,0.001,9182.0,MinusTick,6ff0400d-34c6-553b-a1c6-61a8f9d66cca,918200000.0,0.001,9.182
1590276245.9159,BTCUSDT,Sell,1.365,9183.0,MinusTick,97119ecc-ceef-59c2-b206-6c0b68950bff,1253479500000.0,1.365,12534.795
1590276245.9159,BTCUSDT,Sell,0.001,9185.0,PlusTick,b2d66b20-3880-5afa-a2cc-82cfd898778a,918500000.0,0.001,9.185
1590276245.9159,BTCUSDT,Sell,0.02,9183.5,MinusTick,6a7bb139-7b2c-593d-a981-f2e167ddffb3,18367000000.0,0.02,183.67
1590276245.9107,BTCUSDT,Sell,0.003,9186.0,MinusTick,74b37f1e-7600-54e8-a108-88db97ea3a57,2755800000.0,0.003,27.558
1590276242.3784,BTCUSDT,Sell,1.0,9187.0,ZeroMinusTick,b948dc41-f386-5653-88da-f43a75d0f5fb,918700000000.0,1.0,9187.0
1590276242.0887,BTCUSDT,Sell,0.109,9187.0,ZeroMinusTick,17733c3f-64b9-5711-8bbd-d48d13e4d650,100138300000.0,0.109,1001.383
1590276242.0822,BTCUSDT,Sell,0.628,9187.0,MinusTick,b652fed2-76c7-5d7c-9457-620cb4fb8c73,576943600000.0,0.628,5769.436
1590276242.0822,BTCUSDT,Sell,0.02,9187.5,MinusTick,b5ebb39a-884d-53f2-bbec-2b1e64c75623,18375000000.0,0.02,183.75
1590276242.0822,BTCUSDT,Sell,0.052,9188.0,MinusTick,127d2c96-4ff3-5c81-ba98-67ec5fef9064,47777600000.0,0.052,477.776
1590276242.0821,BTCUSDT,Buy,0.073,9190.0,PlusTick,5c624476-0914-5b84-ab37-021b50d38356,67087000000.0,0.073,670.87
1590276242.082,BTCUSDT,Sell,0.018,9188.0,MinusTick,348cd85f-bf49-54fa-b597-f7a207ec98c2,16538399999.999998,0.018,165.384
1590276242.082,BTCUSDT,Sell,0.011,9189.0,ZeroMinusTick,2c3d8c84-695d-52a5-a069-9a70586779fa,10107900000.0,0.011,101.079
1590276242.082,BTCUSDT,Sell,0.07,9189.0,ZeroMinusTick,81a27a7c-31f6-5c64-a93f-6153a1c8074c,64323000000.0,0.07,643.23
1590276242.082,BTCUSDT,Sell,0.001,9189.0,MinusTick,7a5fa4a4-2c1b-5b01-ad29-5a63c2e1ae77,918900000.0,0.001,9.189
1590276242.082,BTCUSDT,Buy,0.64,9190.0,ZeroMinusTick,fa9445d1-b46e-5ba3-8945-ab24bb046e06,588160000000.0,0.64,5881.6
1590276242.0768,BTCUSDT,Sell,0.003,9190.0,ZeroMinusTick,1eb8cc35-8bbf-5a5b-ace8-c86387bcb8d2,2757000000.0,0.003,27.57
1590276242.0768,BTCUSDT,Sell,0.141,9190.0,MinusTick,7a9495d6-7c2b-5eb8-8efb-02b4b879b68b,129579000000.0,0.141,1295.79
1590276240.3452,BTCUSDT,Sell,0.002,9191.0,MinusTick,3e32b302-8e8c-5ddf-86ce-89abda98299e,1838200000.0000002,0.002,18.382
1590276239.1356,BTCUSDT,Sell,0.1,9192.0,ZeroMinusTick,7b492d73-da62-5212-a4a4-79fc89c6ac5e,91920000000.0,0.1,919.2
1590276239.1312,BTCUSDT,Sell,0.3,9192.0,ZeroMinusTick,441b6cb0-9d1b-594f-839b-f3631451ffe5,275760000000.0,0.3,2757.6
1590276239.1312,BTCUSDT,Sell,0.1,9192.0,ZeroMinusTick,e7775095-38d9-59e3-803c-d67f2204b478,91920000000.0,0.1,919.2
1590276239.1312,BTCUSDT,Sell,0.337,9192.0,ZeroMinusTick,388ae298-b530-5ff7-b2f5-08216e5fdcb2,309770400000.0,0.337,3097.704
1590276239.1312,BTCUSDT,Sell,0.07,9192.0,ZeroMinusTick,af7dfad1-e32b-5d57-b853-e5ed1490e5bf,64344000000.00001,0.07,643.44
1590276239.1312,BTCUSDT,Sell,0.002,9192.0,ZeroMinusTick,3ed3a6e5-41c0-510a-9c4a-b4f2da7ec9be,1838400000.0,0.002,18.384
1590276239.1312,BTCUSDT,Sell,0.001,9192.0,ZeroMinusTick,e03075ea-0c21-5391-85c2-df07015374eb,919200000.0,0.001,9.192
1590276239.1312,BTCUSDT,Sell,0.575,9192.0,ZeroMinusTick,25ff26df-853b-5bdf-8a29-991ed79a6ec2,528539999999.99994,0.575,5285.4
1590276239.1312,BTCUSDT,Sell,0.02,9192.0,MinusTick,b953d200-cd91-51ce-82b3-aaaf261a3c44,18384000000.0,0.02,183.84
1590276239.0468,BTCUSDT,Sell,0.71,9194.0,ZeroMinusTick,0e862a33-b789-5c34-816c-56d06912708b,652774000000.0,0.71,6527.74
1590276239.0468,BTCUSDT,Sell,0.07,9194.0,ZeroMinusTick,dfb95fdf-e2e5-59ed-be75-a6be03b8e693,64358000000.00001,0.07,643.58
1590276239.0468,BTCUSDT,Sell,0.2,9194.0,MinusTick,fc1921a9-3dff-5179-9e4b-59cb353f7dc3,183880000000.0,0.2,1838.8
1590276238.9892,BTCUSDT,Buy,0.006,9194.5,MinusTick,524e6d5e-c3a9-5c43-ac2d-159651364932,5516700000.0,0.006,55.167
1590276238.9812,BTCUSDT,Sell,0.02,9195.0,ZeroMinusTick,ba153ae8-5d34-53c8-8f80-b20d375483c9,18390000000.0,0.02,183.9
1590276238.9812,BTCUSDT,Sell,1.53,9195.0,MinusTick,71237c87-a3e7-5f61-83b0-82f246d30bbc,1406835000000.0,1.53,14068.35
1590276238.5746,BTCUSDT,Sell,1.581,9196.0,ZeroMinusTick,fb2c4811-6cec-54c4-823c-9ea64c2d7f98,1453887600000.0,1.581,14538.876
1590276238.5746,BTCUSDT,Sell,0.001,9196.0,ZeroMinusTick,c8b34af8-97e4-5bd8-884f-cdaf7abb96a8,919600000.0,0.001,9.196
1590276238.5746,BTCUSDT,Sell,0.013,9196.0,MinusTick,3831d5fb-8b28-5fe8-9455-90b3a74a30de,11954800000.0,0.013,119.548
1590276238.0466,BTCUSDT,Sell,0.001,9197.5,MinusTick,66be7e1c-5004-568d-b431-a9982f7c4d62,919750000.0,0.001,9.1975
1590276238.0466,BTCUSDT,Sell,0.02,9198.0,PlusTick,1195905a-c01b-5384-b845-af65e02f86a4,18396000000.0,0.02,183.96
1590276238.0466,BTCUSDT,Sell,1.979,9197.5,MinusTick,0d69e9a5-385a-5bb9-92e3-47d5d456b18b,1820185250000.0,1.979,18201.8525
1590276237.9563,BTCUSDT,Sell,0.001,9200.5,MinusTick,7ed76068-f8f0-5c9c-8056-d06879b25bb9,920050000.0,0.001,9.2005
1590276237.8975,BTCUSDT,Sell,0.001,9201.0,ZeroMinusTick,c6bf165b-d5de-533f-90d9-82533f9ab7e3,920100000.0,0.001,9.201
1590276237.8975,BTCUSDT,Sell,1.425,9201.0,ZeroMinusTick,6aa54693-c70c-545e-8a44-4eb7b8a1a976,1311142500000.0,1.425,13111.425
1590276237.8975,BTCUSDT,Sell,1.395,9201.0,ZeroMinusTick,d7bb937e-6e08-575f-b9ce-6d5e8535dfe8,1283539500000.0,1.395,12835.395
1590276237.8975,BTCUSDT,Sell,0.252,9201.0,ZeroMinusTick,593e7a0e-9a1d-52c6-8c5f-c704ecb79684,231865200000.0,0.252,2318.652
1590276237.8975,BTCUSDT,Sell,0.2,9201.0,ZeroMinusTick,3c67fade-9582-598a-9462-9974205b3d25,184020000000.0,0.2,1840.2
1590276237.8975,BTCUSDT,Sell,0.35,9201.0,ZeroMinusTick,25cb06c2-7a42-55d6-b281-d740e63e7325,322035000000.0,0.35,3220.35
1590276237.8975,BTCUSDT,Sell,0.232,9201.0,ZeroMinusTick,3bbec373-0357-553f-8cfb-aa772cce317c,213463200000.0,0.232,2134.632
1590276237.8975,BTCUSDT,Sell,0.125,9201.0,ZeroMinusTick,8718397d-44b1-57d8-b3ac-3bbd27a4e039,115012500000.0,0.125,1150.125
1590276092.4818,BTCUSDT,Sell,0.167,9201.0,MinusTick,f8e5425d-40a7-5803-93b2-ea47d58561ac,153656700000.0,0.167,1536.567
1590276089.4356,BTCUSDT,Buy,0.25,9201.5,ZeroMinusTick,65cbd024-72ac-5a16-ae1b-d2af2bcf7f93,230037500000.0,0.25,2300.375
1590276078.0925,BTCUSDT,Buy,0.002,9201.5,PlusTick,adbe1bf5-53b5-58c8-ac4f-a45ca1d88017,1840299999.9999998,0.002,18.403
1590276043.0561,BTCUSDT,Buy,0.001,9201.0,PlusTick,2b4207aa-3134-5ce0-b725-5137b13fbb90,920100000.0,0.001,9.201
1590276043.007,BTCUSDT,Buy,0.015,9200.5,ZeroMinusTick,4a42c065-9a06-5458-9bf0-7c008476d388,13800750000.0,0.015,138.0075
1590276043.007,BTCUSDT,Buy,0.001,9200.5,ZeroMinusTick,e13f1b2a-e3d6-51a9-bc5d-c4d99cea3254,920050000.0,0.001,9.2005
1590276043.007,BTCUSDT,Buy,0.018,9200.5,ZeroMinusTick,42222279-2744-59d2-9653-4caf95adb594,16560900000.0,0.018,165.609
1590276043.007,BTCUSDT,Buy,0.016,9200.5,ZeroMinusTick,ff941bcf-18a3-513e-97d6-413c07f30503,14720800000.0,0.016,147.208
1590276043.007,BTCUSDT,Buy,0.013,9200.5,ZeroMinusTick,a84e89a1-5d32-555c-9992-27bcee182014,11960650000.0,0.013,119.6065
1590276041.7604,BTCUSDT,Buy,0.002,9200.5,ZeroMinusTick,de8c47a3-7717-51e7-840c-13e26710b1b8,1840100000.0,0.002,18.401
1590276041.7604,BTCUSDT,Buy,0.018,9200.5,ZeroMinusTick,6bd4a53b-a950-585b-9310-2cc7fcd50892,16560900000.0,0.018,165.609
1590276041.7604,BTCUSDT,Buy,0.004,9200.5,ZeroMinusTick,0c1cae58-307d-5d6e-9f15-869a5a67552a,3680200000.0,0.004,36.802
1590276041.7604,BTCUSDT,Buy,0.002,9200.5,ZeroMinusTick,2506e11a-e80b-503e-935a-2750f5973cf2,1840100000.0,0.002,18.401
1590276041.7604,BTCUSDT,Buy,0.005,9200.5,ZeroMinusTick,2e4885f4-3174-5ca4-9f2f-1f7d9f4fe6aa,4600250000.0,0.005,46.0025
1590276041.7604,BTCUSDT,Buy,0.009,9200.5,ZeroMinusTick,872b685f-9207-5d64-9cbb-55f61b869d45,8280450000.0,0.009,82.8045
1590276041.7604,BTCUSDT,Buy,0.002,9200.5,ZeroMinusTick,11922229-103a-5e4c-844c-be8bd886c997,1840100000.0,0.002,18.401
1590276041.7604,BTCUSDT,Buy,0.011,9200.5,ZeroMinusTick,3fde2d85-0c39-5bb2-857f-3e86aa8bba0e,10120550000.0,0.011,101.2055
1590276041.7604,BTCUSDT,Buy,0.027,9200.5,ZeroMinusTick,0219f2e7-a6b4-54e9-9572-8601d03968ed,24841350000.0,0.027,248.4135
1590276041.7604,BTCUSDT,Buy,0.019,9200.5,ZeroMinusTick,a8883e56-93e2-588b-baec-6470740c59f5,17480950000.0,0.019,174.8095
1590276041.7604,BTCUSDT,Buy,0.011,9200.5,ZeroMinusTick,8afbcc30-1019-5c65-96f6-b645532b9cf9,10120550000.0,0.011,101.2055
1590276041.7604,BTCUSDT,Buy,0.008,9200.5,ZeroMinusTick,73c6cd31-3bc2-58b9-9626-c6909874deda,7360400000.0,0.008,73.604
1590276041.7604,BTCUSDT,Buy,0.002,9200.5,ZeroMinusTick,fdf27d71-d154-516f-abe2-413b7b3d6616,1840100000.0,0.002,18.401
1590276041.7604,BTCUSDT,Buy,0.012,9200.5,ZeroMinusTick,0309fc9b-2d6c-512c-b833-e60cae77f162,11040600000.0,0.012,110.406
1590276041.7604,BTCUSDT,Buy,0.002,9200.5,ZeroMinusTick,e271a1ec-683b-5734-a647-4fcf1ae63763,1840100000.0,0.002,18.401
1590276041.7604,BTCUSDT,Buy,0.003,9200.5,ZeroMinusTick,40695e0a-0aa1-5691-b808-968f1a61780b,2760150000.0,0.003,27.6015
1590276041.7604,BTCUSDT,Buy,0.003,9200.5,ZeroMinusTick,2d96811c-d50b-5762-930f-2dc7cfebc265,2760150000.0,0.003,27.6015
1590276041.7604,BTCUSDT,Buy,0.003,9200.5,ZeroMinusTick,e675ba63-e600-592c-91d4-0e0b9d3dc460,2760150000.0,0.003,27.6015
1590276041.7604,BTCUSDT,Buy,0.003,9200.5,ZeroMinusTick,0164cb10-d32d-56d7-81ad-09d7bc96d9fc,2760150000.0,0.003,27.6015
1590276041.7604,BTCUSDT,Buy,0.042,9200.5,ZeroMinusTick,9b7b9b2e-896f-5a5f-ab8b-b37257d7b607,38642100000.0,0.042,386.421
1590276041.7604,BTCUSDT,Buy,0.004,9200.5,ZeroMinusTick,57eea6e4-a9b2-56c5-b256-7a3c58cfca68,3680200000.0,0.004,36.802
1590276041.7604,BTCUSDT,Buy,0.003,9200.5,ZeroMinusTick,fdfb9abd-ada1-509a-8f54-f5aaf4558412,2760150000.0,0.003,27.6015
1590276041.7604,BTCUSDT,Buy,0.003,9200.5,ZeroMinusTick,fdeee259-7d61-58fb-8882-f60a78d98bee,2760150000.0,0.003,27.6015
1590276041.7604,BTCUSDT,Buy,0.005,9200.5,ZeroMinusTick,826b03be-15cd-5389-ad3b-c1aa17e4d856,4600250000.0,0.005,46.0025
1590276041.7604,BTCUSDT,Buy,0.002,9200.5,ZeroMinusTick,344b1b3a-bdb0-5772-abfd-524d9c424369,1840100000.0,0.002,18.401
1590276041.7604,BTCUSDT,Buy,0.003,9200.5,ZeroMinusTick,35ee46eb-5c2a-533a-93eb-6c86e895155d,2760150000.0,0.003,27.6015
1590276041.7604,BTCUSDT,Buy,0.027,9200.5,ZeroMinusTick,6e8693ac-8320-5ea2-808f-a93b408f8071,24841350000.0,0.027,248.4135
1590276041.7604,BTCUSDT,Buy,0.003,9200.5,ZeroMinusTick,775cbbc9-95e5-56cd-a0a4-71d2a002ef35,2760150000.0,0.003,27.6015
1590276041.7604,BTCUSDT,Buy,0.002,9200.5,ZeroMinusTick,a340c27f-b34d-5aa0-87f5-28fb3e46e546,1840100000.0,0.002,18.401
1590276036.4508,BTCUSDT,Buy,0.181,9200.5,ZeroMinusTick,4b7bc0e2-717b-52f8-b094-08c0df884ede,166529050000.0,0.181,1665.2905
1590276036.4508,BTCUSDT,Buy,0.015,9200.5,ZeroMinusTick,83940c7f-d332-55d0-81ba-8c188a2e8eab,13800750000.0,0.015,138.0075
1590276036.4508,BTCUSDT,Buy,0.009,9200.5,ZeroMinusTick,de5d3b1b-7904-5ec8-92a4-a05eba2b3cd2,8280450000.0,0.009,82.8045
1590276036.4508,BTCUSDT,Buy,0.033,9200.5,ZeroMinusTick,1d654531-c36a-5fee-ba50-22ee2144dd20,30361649999.999996,0.033,303.6165
1590276036.4508,BTCUSDT,Buy,0.002,9200.5,ZeroMinusTick,2a268c97-dc7e-555b-a56b-8997abd2a2c4,1840100000.0,0.002,18.401
1590276018.5679,BTCUSDT,Buy,0.002,9200.5,PlusTick,bbf6bb1d-2e58-511a-b2a9-3e362d1a9191,1840100000.0,0.002,18.401
1590275954.4504,BTCUSDT,Sell,0.1,9200.0,ZeroMinusTick,54a0d90a-3b7a-5bae-9a0a-8e9d0405ee0b,92000000000.0,0.1,920.0
1590275953.6279,BTCUSDT,Sell,1.0,9200.0,MinusTick,1bfec4fb-1aa6-5f8b-90b3-60dd275bc40a,920000000000.0,1.0,9200.0
1590275938.8196,BTCUSDT,Buy,0.011,9200.5,PlusTick,5cedd1b4-b4e2-525d-95c1-797a4c6d5ea4,10120550000.0,0.011,101.2055
1590275936.592,BTCUSDT,Sell,1.297,9199.0,MinusTick,17d03b68-b1f8-5498-8af1-7d38d336418a,1193110300000.0,1.297,11931.103
1590275936.592,BTCUSDT,Sell,0.099,9200.5,ZeroMinusTick,7c02ca30-7dd7-5a82-9370-a748cd627254,91084950000.0,0.099,910.8495
1590275936.592,BTCUSDT,Sell,0.098,9200.5,PlusTick,f9348aee-8ece-511a-ba44-a2c3fcc848a5,90164900000.0,0.098,901.649
1590275896.2792,BTCUSDT,Sell,0.641,9199.5,ZeroMinusTick,56fa8eee-a7ad-5ca0-b26b-c37b97d5b740,589687950000.0,0.641,5896.8795
1590275896.2717,BTCUSDT,Sell,0.009,9199.5,ZeroMinusTick,2806ea06-c082-5cdb-965f-89f5ac74ff0c,8279550000.0,0.009,82.7955
1590275896.2716,BTCUSDT,Sell,0.02,9199.5,ZeroMinusTick,98a992ae-c1e0-5b27-8366-2e1fba2e09a8,18399000000.0,0.02,183.99
1590275896.2716,BTCUSDT,Sell,2.896,9199.5,MinusTick,0961fbb6-f0f4-5702-894a-1b77778a0a9b,2664175200000.0,2.896,26641.752
1590275896.2716,BTCUSDT,Sell,2.872,9200.0,MinusTick,4f58f04e-0eaa-5948-a964-5cbabd26e2c2,2642240000000.0,2.872,26422.4
1590275896.2658,BTCUSDT,Sell,0.35,9200.5,ZeroMinusTick,b236ea11-abf1-543d-93e6-7948829f5f22,322017500000.0,0.35,3220.175
1590275896.2658,BTCUSDT,Sell,1.802,9200.5,ZeroMinusTick,763a0b9a-4398-5626-ad0f-d2d4ba6eae3f,1657930100000.0,1.802,16579.301
1590275896.2658,BTCUSDT,Sell,2.69,9200.5,ZeroMinusTick,bfc5f955-eace-5585-9735-8d5119164061,2474934500000.0,2.69,24749.345
1590275896.2658,BTCUSDT,Sell,9.67,9200.5,PlusTick,539bd38a-ee3b-5982-a5a0-bfa2ccec0172,8896883500000.0,9.67,88968.835
1590275896.2658,BTCUSDT,Sell,0.01,9200.0,ZeroMinusTick,bbf8ff48-b534-5da4-8d2b-86a757bbb521,9200000000.0,0.01,92.0
1590275896.2658,BTCUSDT,Sell,10.0,9200.0,ZeroMinusTick,6a969dd8-3257-5171-a116-22a4c7eaf32c,9200000000000.0,10.0,92000.0
1590275896.2658,BTCUSDT,Sell,8.55,9200.0,ZeroMinusTick,418e5168-d8b5-5564-93db-01f6d25bfb7d,7866000000000.0,8.55,78660.0
1590275896.2658,BTCUSDT,Sell,6.878,9200.0,MinusTick,f4124663-7ae7-5e17-8880-e4f10cd3bc29,6327760000000.0,6.878,63277.6
1590275896.2658,BTCUSDT,Sell,0.2,9200.5,ZeroMinusTick,5bd9fd05-519b-5dfc-9761-7172f0351eef,184010000000.0,0.2,1840.1
1590275896.2658,BTCUSDT,Sell,4.4,9200.5,ZeroMinusTick,fed98ae0-be7e-5030-9475-aa23d60f7c95,4048219999999.9995,4.4,40482.2
1590275896.2658,BTCUSDT,Sell,0.2,9200.5,ZeroMinusTick,cd68b756-c139-52b4-b3f8-ffdceb766f77,184010000000.0,0.2,1840.1
1590275896.2658,BTCUSDT,Sell,7.0,9200.5,ZeroMinusTick,8cc14aa2-641b-5823-a027-03aba3798442,6440350000000.0,7.0,64403.5
1590275896.2658,BTCUSDT,Sell,3.0,9200.5,ZeroMinusTick,046174dc-1224-50fd-b19a-3c067b08f2b5,2760150000000.0,3.0,27601.5
1590275896.2658,BTCUSDT,Sell,0.25,9200.5,MinusTick,63c8b658-d740-5104-88fb-d4e7bc76b26e,230012500000.0,0.25,2300.125
1590275889.3912,BTCUSDT,Sell,0.02,9203.5,PlusTick,a3fb6748-2f2d-5221-9d08-8987c9bfb578,18407000000.0,0.02,184.07
1590275889.3912,BTCUSDT,Sell,0.02,9201.5,MinusTick,f5c6656c-66e9-594f-be9e-3c5806ba5f1c,18403000000.0,0.02,184.03
1590275889.3912,BTCUSDT,Sell,0.2,9203.5,PlusTick,0a15c173-d9f0-5163-be00-a85e4acbf4af,184070000000.0,0.2,1840.7
1590275889.3912,BTCUSDT,Sell,1.945,9200.5,ZeroMinusTick,6a6e404c-69de-59b1-b8fd-39abb476d7f7,1789497250000.0,1.945,17894.9725
1590275889.3912,BTCUSDT,Sell,1.547,9200.5,ZeroMinusTick,fe22b634-87ac-574b-a31d-2111f0672d91,1423317350000.0,1.547,14233.1735
1590275889.3912,BTCUSDT,Sell,0.001,9200.5,MinusTick,d76b9aad-4331-5143-a207-83ac0db116ce,920050000.0,0.001,9.2005
1590275889.3912,BTCUSDT,Sell,0.009,9202.0,PlusTick,a5a95344-d209-5b0c-bebd-8b49a0809f59,8281800000.0,0.009,82.818
1590275889.3912,BTCUSDT,Sell,0.001,9201.5,MinusTick,a343d598-b426-5cba-84b0-fc0b8c423f6f,920149999.9999999,0.001,9.2015
1590275889.3912,BTCUSDT,Sell,3.006,9203.5,ZeroMinusTick,8f7daa36-02aa-5fd7-b989-949e341dea70,2766572100000.0,3.006,27665.721
1590275889.3912,BTCUSDT,Sell,0.001,9203.5,ZeroMinusTick,3b51264a-c279-5db1-9a5f-90832bbee03e,920350000.0,0.001,9.2035
1590275889.3912,BTCUSDT,Sell,2.25,9203.5,MinusTick,d9833b03-7a10-5630-906a-155d4ea15bdc,2070787500000.0,2.25,20707.875
1590275880.9325,BTCUSDT,Sell,0.18,9205.5,MinusTick,0fc99172-39fc-5d8e-a988-297717e12472,165699000000.0,0.18,1656.99
1590275880.0578,BTCUSDT,Buy,0.002,9206.0,ZeroMinusTick,f1ad0b64-db4a-552a-8f0f-e95ba1b4bd9c,1841200000.0,0.002,18.412
1590275876.7814,BTCUSDT,Buy,0.095,9206.0,ZeroMinusTick,f61d6f36-7547-5c23-b828-14c9c4e62e4f,87457000000.0,0.095,874.57
1590275876.569,BTCUSDT,Buy,0.538,9206.0,PlusTick,1fdcac55-ae04-56da-82fe-af8ef4cf7921,495282800000.00006,0.538,4952.828
1590275871.8146,BTCUSDT,Sell,0.072,9203.5,ZeroMinusTick,3bb67318-e5c8-58ef-92ad-c5c7ae379a94,66265200000.00001,0.072,662.652
1590275871.8146,BTCUSDT,Sell,0.085,9203.5,MinusTick,e040d38a-9fa1-5f20-916d-1b37fcd6a6c7,78229750000.0,0.085,782.2975
1590275871.8078,BTCUSDT,Sell,0.5,9206.0,ZeroMinusTick,7d23a107-7af1-58dd-af54-4d7c5b25ef60,460300000000.0,0.5,4603.0
1590275871.8078,BTCUSDT,Sell,0.02,9206.0,PlusTick,6ab68a2c-6961-5756-957f-0ed19ac0f705,18412000000.0,0.02,184.12
1590275871.8078,BTCUSDT,Sell,0.001,9205.5,PlusTick,c6ad6e68-82a7-57bb-8854-96ab0060a290,920550000.0000001,0.001,9.2055
1590275871.8078,BTCUSDT,Sell,3.432,9204.5,MinusTick,e8014301-52c4-5060-9ad3-d7ccb710e6c4,3158984400000.0,3.432,31589.844
1590275871.8078,BTCUSDT,Sell,0.002,9205.0,ZeroMinusTick,dbe0a148-766e-5011-be99-bde8d4a9fecf,1841000000.0,0.002,18.41
1590275871.8078,BTCUSDT,Sell,2.69,9205.0,ZeroMinusTick,763af408-8f1e-5912-8689-196cf6287e80,2476145000000.0,2.69,24761.45
1590275871.8078,BTCUSDT,Sell,9.67,9205.0,MinusTick,964b5e07-059c-5e43-9fab-0dd3a32619ee,8901235000000.0,9.67,89012.35
1590275871.8078,BTCUSDT,Sell,0.009,9206.0,PlusTick,0f9a37da-098d-5762-88be-a36844678d1e,8285400000.0,0.009,82.854
1590275871.8078,BTCUSDT,Sell,1.717,9204.5,MinusTick,905fc91c-ff1c-5c8d-bdff-d377936b4d77,1580412650000.0,1.717,15804.1265
1590275871.8078,BTCUSDT,Sell,0.081,9206.0,MinusTick,a8f2774c-96d3-555c-9713-120745b36c21,74568600000.0,0.081,745.686
1590275871.8078,BTCUSDT,Sell,0.051,9208.0,ZeroMinusTick,4ccb184e-c743-5a69-bd75-3f772f5078d4,46960800000.0,0.051,469.608
1590275871.8078,BTCUSDT,Sell,0.033,9208.0,ZeroMinusTick,b0ab2da7-5bfa-5447-983b-b036de0e267b,30386399999.999996,0.033,303.864
1590275871.8078,BTCUSDT,Sell,0.015,9208.0,ZeroMinusTick,4f11e82b-54c2-578d-94ee-ad90d60af6b7,13812000000.0,0.015,138.12
1590275871.8078,BTCUSDT,Sell,0.033,9208.0,ZeroMinusTick,4e0b693a-cb9c-5f70-b051-9a3b84cc4cf4,30386399999.999996,0.033,303.864
1590275871.8078,BTCUSDT,Sell,0.009,9208.0,ZeroMinusTick,8e8c1047-d47b-5b85-b478-951733c8a747,8287200000.0,0.009,82.872
1590275871.8078,BTCUSDT,Sell,0.039,9208.0,ZeroMinusTick,845849c5-c57d-5177-9104-5723cdbbcde1,35911200000.0,0.039,359.112
1590275871.8078,BTCUSDT,Sell,0.036,9208.0,ZeroMinusTick,c993bc33-50fc-59e8-8eac-2c5a3beccb29,33148800000.0,0.036,331.488
1590275871.8078,BTCUSDT,Sell,0.006,9208.0,ZeroMinusTick,dd05aab8-2b5c-5a88-a286-e39adfd5d6b1,5524800000.0,0.006,55.248
1590275871.8078,BTCUSDT,Sell,0.006,9208.0,ZeroMinusTick,04a50a94-8507-5366-aec0-b71d193bc86a,5524800000.0,0.006,55.248
1590275871.8078,BTCUSDT,Sell,0.057,9208.0,ZeroMinusTick,72020ab4-fbf2-5636-a93c-d85dd96346ec,52485600000.0,0.057,524.856
1590275871.8078,BTCUSDT,Sell,0.027,9208.0,PlusTick,515e77b4-3aa6-5e6a-b15f-798e2f419fda,24861600000.0,0.027,248.616
1590275871.8078,BTCUSDT,Sell,0.009,9206.0,ZeroMinusTick,a95c9832-0e1f-52a2-bde0-e47a7d6d9a11,8285400000.0,0.009,82.854
1590275871.8078,BTCUSDT,Sell,0.006,9206.0,ZeroMinusTick,b04b3b12-d55a-54ee-b701-f823c5429def,5523600000.0,0.006,55.236
1590275871.8078,BTCUSDT,Sell,0.012,9206.0,ZeroMinusTick,4d0c06cb-5fdc-58b0-bac7-6bb897ed6c78,11047200000.0,0.012,110.472
1590275871.8078,BTCUSDT,Sell,0.024,9206.0,ZeroMinusTick,bc8f8b98-e281-51d2-9324-81acdbcf2b57,22094400000.0,0.024,220.944
1590275871.8078,BTCUSDT,Sell,0.006,9206.0,ZeroMinusTick,2dad973f-9ebe-5dab-9c1c-7748af68a73e,5523600000.0,0.006,55.236
1590275871.8078,BTCUSDT,Sell,0.006,9206.0,ZeroMinusTick,86c1c503-222b-5f9d-a5cd-75a828e757aa,5523600000.0,0.006,55.236
1590275871.8078,BTCUSDT,Sell,0.126,9206.0,ZeroMinusTick,ca314b0c-c05b-500e-bb6c-9d439ca1b07a,115995599999.99998,0.126,1159.956
1590275871.8078,BTCUSDT,Sell,0.009,9206.0,ZeroMinusTick,b802fdd2-654f-5e50-9122-67012718bbbd,8285400000.0,0.009,82.854
1590275871.8078,BTCUSDT,Sell,0.006,9206.0,ZeroMinusTick,bc742fd8-8245-5aed-8b66-321c657bd324,5523600000.0,0.006,55.236
1590275871.8078,BTCUSDT,Sell,0.009,9206.0,ZeroMinusTick,0dcf8603-f774-5369-9df4-4dd021a8566b,8285400000.0,0.009,82.854
1590275871.8078,BTCUSDT,Sell,0.027,9206.0,ZeroMinusTick,86039b85-b69a-5f4c-b030-44e71e122b64,24856200000.0,0.027,248.562
1590275871.8078,BTCUSDT,Sell,0.048,9206.0,ZeroMinusTick,21601507-bb53-5104-8707-8843fcc90758,44188800000.0,0.048,441.888
1590275871.8078,BTCUSDT,Sell,0.015,9206.0,ZeroMinusTick,c443df11-1c0d-573d-8d29-d09682fb5c58,13809000000.0,0.015,138.09
1590275871.8078,BTCUSDT,Sell,0.045,9206.0,ZeroMinusTick,7b3fa723-165e-5d0e-8358-be43057ec281,41427000000.0,0.045,414.27
1590275871.8078,BTCUSDT,Sell,0.135,9206.0,ZeroMinusTick,24fe7a59-3521-5d6f-8728-230d0024cdcc,124281000000.0,0.135,1242.81
1590275871.8078,BTCUSDT,Sell,0.015,9206.0,ZeroMinusTick,dd26f024-a8af-5ff9-bae6-55cd896ca427,13809000000.0,0.015,138.09
1590275871.8078,BTCUSDT,Sell,0.009,9206.0,ZeroMinusTick,6681aa9e-8c15-5dc4-bf0f-d1cc3059ce67,8285400000.0,0.009,82.854
1590275871.8078,BTCUSDT,Sell,0.006,9206.0,ZeroMinusTick,e385eafc-8d56-5c3b-955e-40184f592aee,5523600000.0,0.006,55.236
1590275871.8078,BTCUSDT,Sell,0.009,9206.0,PlusTick,77bf1cb6-6bec-5170-9de2-b71b172c6c19,8285400000.0,0.009,82.854
1590275871.8078,BTCUSDT,Sell,8.38,9204.5,MinusTick,e57de3de-3e99-51be-b715-35371d33e15c,7713371000000.001,8.38,77133.71
1590275871.8078,BTCUSDT,Sell,0.012,9206.0,PlusTick,f1b68372-0e2b-50df-b154-9b11a61f50f8,11047200000.0,0.012,110.472
1590275871.8078,BTCUSDT,Sell,2.73,9204.5,PlusTick,63bb9ad7-5f6e-5e1c-bb54-dd3022b4f9b0,2512828500000.0,2.73,25128.285
1590275871.8078,BTCUSDT,Sell,0.001,9204.0,ZeroMinusTick,24ce7652-2f1e-5755-a3f5-92be8bb1722d,920400000.0000001,0.001,9.204
1590275871.8078,BTCUSDT,Sell,1.18,9204.0,ZeroMinusTick,9ae2ef55-2a94-5be3-bf1b-aa5b71df0c8d,1086071999999.9999,1.18,10860.72
1590275871.8078,BTCUSDT,Sell,0.99,9204.0,ZeroMinusTick,47b9b5cd-f3ab-5828-93bd-99e05ff322da,911195999999.9999,0.99,9111.96
1590275871.8078,BTCUSDT,Sell,6.21,9204.0,ZeroMinusTick,43e7fdae-b1d5-5268-9d3b-c4e6e79f2b55,5715684000000.0,6.21,57156.84
1590275871.8078,BTCUSDT,Sell,2.73,9204.0,PlusTick,3ae5d15e-1127-5cf7-b9b5-966fd47a5874,2512692000000.0,2.73,25126.92
1590275871.8078,BTCUSDT,Sell,1.485,9203.5,ZeroMinusTick,8c1d53ba-6f83-5541-8d59-9a7d3deb883f,1366719750000.0,1.485,13667.1975
1590275871.8078,BTCUSDT,Sell,0.724,9203.5,MinusTick,5a454f23-0a77-5862-a7ed-e2da9223fe4a,666333400000.0,0.724,6663.334
1590275871.8078,BTCUSDT,Sell,7.02,9204.5,MinusTick,c334a02f-65eb-5931-bf6b-93c08d60a063,6461559000000.0,7.02,64615.59
1590275838.7089,BTCUSDT,Sell,0.165,9209.0,MinusTick,d636488a-d7bd-5ce8-b6a6-4b0e8d4e37ef,151948500000.0,0.165,1519.485
1590275838.7034,BTCUSDT,Sell,0.304,9210.0,ZeroMinusTick,9558bcfa-9431-5b6e-b575-a6acad1b49cb,279984000000.0,0.304,2799.84
1590275838.7034,BTCUSDT,Sell,1.0,9210.0,PlusTick,fff53ec3-bc97-5384-840c-f1885571d5bf,921000000000.0,1.0,9210.0
1590275838.7034,BTCUSDT,Sell,0.196,9209.0,MinusTick,c2458cd0-4103-57c3-9cba-36dd538a4e85,180496400000.0,0.196,1804.964
1590275833.9329,BTCUSDT,Sell,0.001,9210.5,MinusTick,34844ab7-c28c-54ce-b754-82e40b1fb657,921050000.0,0.001,9.2105
1590275828.7542,BTCUSDT,Buy,0.822,9212.0,PlusTick,bd1641ec-7d1a-5cdd-b421-49d03a896de9,757226400000.0,0.822,7572.264
1590275819.8405,BTCUSDT,Sell,0.074,9211.5,ZeroMinusTick,ed49d21c-7d69-50f7-9a18-ed17ddffef06,68165099999.99999,0.074,681.651
1590275819.8405,BTCUSDT,Sell,0.02,9211.5,ZeroMinusTick,cf9b89ad-ad5a-5614-afed-0c7c2f32870e,18423000000.0,0.02,184.23
1590275819.8405,BTCUSDT,Sell,0.406,9211.5,MinusTick,6ca3a421-5d9a-5eaa-affb-d27430f7ff05,373986900000.0,0.406,3739.869
1590275819.5398,BTCUSDT,Buy,0.024,9212.0,ZeroMinusTick,78d185a0-12a2-548c-923d-1d2b5c7c36d2,22108800000.0,0.024,221.088
1590275814.4117,BTCUSDT,Sell,1.0,9212.0,ZeroMinusTick,f41b5940-44ed-56d3-9bf9-16bcc3253c88,921200000000.0,1.0,9212.0
1590275814.256,BTCUSDT,Sell,0.599,9212.0,MinusTick,aabee0a1-ffb6-5305-b12c-0558ba15cc87,551798800000.0,0.599,5517.988
1590275814.256,BTCUSDT,Sell,0.001,9212.5,MinusTick,7e160359-1bbc-5553-bf8c-c0c124dac020,921250000.0,0.001,9.2125
1590275813.7844,BTCUSDT,Sell,0.02,9213.5,MinusTick,0931fb3a-16e0-5811-b418-a2318f421e44,18427000000.0,0.02,184.27
1590275812.745,BTCUSDT,Buy,0.001,9214.0,ZeroMinusTick,cbd82973-4f94-5d0b-91dc-a0906044620d,921400000.0,0.001,9.214
1590275799.53,BTCUSDT,Buy,0.982,9214.0,ZeroMinusTick,46290710-df4d-571b-97a6-218e166f94d2,904814799999.9999,0.982,9048.148
1590275796.7354,BTCUSDT,Buy,0.005,9214.0,ZeroMinusTick,104f3845-2e38-5559-a4c1-3730c649502c,4607000000.0,0.005,46.07
1590275780.7261,BTCUSDT,Buy,0.693,9214.0,ZeroMinusTick,b23ebbff-401e-5b08-a439-06ef2cd7a70f,638530200000.0,0.693,6385.302
1590275779.5195,BTCUSDT,Buy,0.021,9214.0,MinusTick,b7cac30d-b9de-5845-a915-022e1c7edc66,19349400000.0,0.021,193.494
1590275777.0696,BTCUSDT,Sell,0.001,9215.5,MinusTick,b57d94eb-d0f8-5fbb-9dd4-a47667bafb3a,921550000.0,0.001,9.2155
1590275765.7166,BTCUSDT,Buy,0.024,9216.0,ZeroMinusTick,ed309874-f82b-5557-80ec-9ee9ea581147,22118400000.0,0.024,221.184
1590275760.5097,BTCUSDT,Buy,0.006,9216.0,ZeroMinusTick,543304c8-0369-52a8-bd1d-a2cd7e01bf18,5529600000.0,0.006,55.296
1590275750.4309,BTCUSDT,Buy,6.906,9216.0,ZeroMinusTick,dafb738e-862c-57ab-83df-1860947d9f6d,6364569600000.0,6.906,63645.696
1590275750.4309,BTCUSDT,Buy,2.627,9216.0,ZeroMinusTick,007bbdeb-d12b-5e2f-8e81-8984fafaf94f,2421043200000.0,2.627,24210.432
1590275750.4309,BTCUSDT,Buy,2.419,9216.0,ZeroMinusTick,d81ce977-2f74-5965-a949-10b25ddafce3,2229350400000.0,2.419,22293.504
1590275750.4309,BTCUSDT,Buy,5.764,9216.0,PlusTick,a2009c87-1be5-5f8f-b57d-1a212921a4f9,5312102400000.0,5.764,53121.024
1590275690.1816,BTCUSDT,Sell,0.115,9215.5,MinusTick,fb7ed460-bccf-5431-8460-1779eef58f92,105978250000.0,0.115,1059.7825
1590275669.986,BTCUSDT,Buy,0.164,9216.0,ZeroMinusTick,6f819296-6d18-5f0d-9c8c-b77b2d1c18e4,151142400000.0,0.164,1511.424
1590275669.986,BTCUSDT,Buy,0.236,9216.0,ZeroMinusTick,7b974330-660e-5c42-a170-649b0ae6880e,217497600000.0,0.236,2174.976
1590275540.8576,BTCUSDT,Buy,0.131,9216.0,ZeroMinusTick,1b3e7f72-00ab-5846-9cda-0ee80d388946,120729600000.0,0.131,1207.296
1590275540.8576,BTCUSDT,Buy,0.001,9216.0,ZeroMinusTick,c4aaad88-6340-5e91-9492-0c2051b6ebf1,921599999.9999999,0.001,9.216
1590275469.3517,BTCUSDT,Sell,0.424,9216.0,ZeroMinusTick,e9118033-9675-5079-bacc-558ed221756d,390758400000.0,0.424,3907.584
1590275448.8122,BTCUSDT,Sell,0.576,9216.0,MinusTick,3a5f19ba-817b-5211-b16d-997f636a3311,530841600000.0,0.576,5308.416
1590275422.6933,BTCUSDT,Buy,0.216,9216.5,PlusTick,975f15a7-a115-562d-882e-47879b308858,199076400000.0,0.216,1990.764
1590275348.5309,BTCUSDT,Sell,4.0,9216.0,MinusTick,afd84771-9ccf-5db9-915f-65ca58592786,3686400000000.0,4.0,36864.0
1590275348.4894,BTCUSDT,Sell,0.02,9217.5,MinusTick,a6f2a10d-a0f9-5187-b011-eaf8df355603,18435000000.0,0.02,184.35
1590275337.9991,BTCUSDT,Sell,1.197,9218.0,ZeroMinusTick,8ba2171b-70b9-55ea-bdbc-b8fc0c0a6c4d,1103394600000.0,1.197,11033.946
1590275337.9991,BTCUSDT,Sell,0.001,9218.0,ZeroMinusTick,34c94e2f-96fe-587d-aa4a-95a232c5f1ce,921800000.0,0.001,9.218
1590275337.9991,BTCUSDT,Sell,0.03,9218.0,MinusTick,07d97ab6-2ab3-5487-905f-31fd35324016,27654000000.000004,0.03,276.54
1590275317.4027,BTCUSDT,Buy,0.02,9218.5,PlusTick,1a6f5bd2-ae5e-515a-a4ff-12137107591e,18437000000.0,0.02,184.37
1590275305.8098,BTCUSDT,Sell,0.003,9218.0,MinusTick,db6471bd-3e39-5107-a56f-09239c98567a,2765400000.0,0.003,27.654
1590275276.5708,BTCUSDT,Sell,1.0,9219.5,ZeroMinusTick,61dd40a4-c890-52f2-997a-661c069d0086,921950000000.0,1.0,9219.5
1590275273.8387,BTCUSDT,Sell,3.981,9219.5,ZeroMinusTick,0d083cc5-ada6-55c7-a3dd-80b9c2aca37f,3670282950000.0,3.981,36702.8295
1590275273.8387,BTCUSDT,Sell,0.019,9219.5,ZeroMinusTick,9d85585c-b416-59b2-a886-81bbea6ee99e,17517050000.0,0.019,175.1705
1590275255.2044,BTCUSDT,Sell,0.001,9219.5,MinusTick,69b18eb2-0e10-5c21-a076-4733e76486b4,921950000.0,0.001,9.2195
1590275238.3504,BTCUSDT,Buy,0.02,9222.0,PlusTick,0039e757-5360-5222-9c59-9809647c2aec,18444000000.0,0.02,184.44
1590275228.554,BTCUSDT,Sell,0.216,9221.5,ZeroMinusTick,f355fb8d-5e20-51d6-9c88-1cdb23b4e910,199184400000.0,0.216,1991.844
1590275125.4263,BTCUSDT,Sell,0.037,9221.5,ZeroMinusTick,61be693e-a4e4-54fa-9273-ef4eb1610011,34119550000.0,0.037,341.1955
1590275113.1889,BTCUSDT,Sell,0.726,9221.5,ZeroMinusTick,cdb0c663-3afd-5e8e-9b76-05d5dbabb99d,669480900000.0,0.726,6694.809
1590275107.337,BTCUSDT,Sell,0.466,9221.5,ZeroMinusTick,2cc2261a-834e-52e4-8fe1-1df35b215a0c,429721900000.0,0.466,4297.219
1590275092.3278,BTCUSDT,Sell,0.602,9221.5,ZeroMinusTick,6a3cb417-c56d-56d1-a88e-2d7e3819d5ee,555134300000.0,0.602,5551.343
1590275092.1791,BTCUSDT,Sell,0.666,9221.5,ZeroMinusTick,776ef28f-3589-5673-b5b3-40833ffac501,614151900000.0,0.666,6141.519
1590275077.3185,BTCUSDT,Sell,0.024,9221.5,ZeroMinusTick,89dffa15-fcea-5d2d-9291-47cc5e9779ce,22131600000.0,0.024,221.316
1590275071.1692,BTCUSDT,Sell,0.347,9221.5,ZeroMinusTick,32c81592-d876-5282-bbdf-1e66282df7c4,319986050000.0,0.347,3199.8605
1590275060.3092,BTCUSDT,Sell,0.902,9221.5,ZeroMinusTick,084b6f6e-e950-5438-9d6a-e3c200d9f002,831779300000.0,0.902,8317.793
1590275050.1594,BTCUSDT,Sell,0.022,9221.5,ZeroMinusTick,134a8cf3-70c6-536f-a7bf-f11fdb3553bc,20287300000.0,0.022,202.873
1590275045.9363,BTCUSDT,Buy,0.24,9221.5,ZeroMinusTick,ebf6583f-4cc8-55cc-b314-e07624cf62d9,221316000000.0,0.24,2213.16
1590274860.6705,BTCUSDT,Buy,0.77,9221.5,ZeroMinusTick,0dd5cc29-e3a7-544a-9b4e-0fc612820e3f,710055500000.0,0.77,7100.555
1590274860.6705,BTCUSDT,Buy,0.03,9221.5,ZeroMinusTick,a5229065-dc2e-5e78-9bf3-7d01f239a3ac,27664500000.0,0.03,276.645
1590274663.6407,BTCUSDT,Buy,1.0,9221.5,PlusTick,bad68fc5-87ec-59fb-befd-a6a48fe51b6e,922150000000.0,1.0,9221.5
1590274557.9579,BTCUSDT,Buy,0.02,9220.5,PlusTick,1320be34-f5db-56c1-9811-d48539dfe6eb,18441000000.0,0.02,184.41
1590274557.848,BTCUSDT,Buy,0.519,9220.0,ZeroMinusTick,c4299454-ab4f-54f8-88d4-209bd7b46ded,478518000000.0,0.519,4785.18
1590274557.4988,BTCUSDT,Buy,0.24,9220.0,ZeroMinusTick,31d0e0a9-5e12-5c1c-94ca-727359a628d2,221280000000.00003,0.24,2212.8
1590274556.937,BTCUSDT,Buy,0.24,9220.0,ZeroMinusTick,a62e03f9-e932-5cd6-8422-01a1e653e223,221280000000.00003,0.24,2212.8
1590274554.4569,BTCUSDT,Buy,0.001,9220.0,PlusTick,a9360f20-86ef-51b7-99fa-2395aef1977e,922000000.0000001,0.001,9.22
1590274539.2048,BTCUSDT,Buy,0.001,9218.5,ZeroMinusTick,cf04dfa2-e707-5a8c-bc95-c70d88c34d6c,921850000.0,0.001,9.2185
1590274376.0183,BTCUSDT,Buy,0.05,9218.5,PlusTick,6da8cf66-bb76-56c4-b3f0-37849d4d77e3,46092500000.0,0.05,460.925
1590274365.8385,BTCUSDT,Sell,1.195,9218.0,ZeroMinusTick,2bb2436a-1037-5f99-8001-989884948427,1101551000000.0,1.195,11015.51
1590274314.3285,BTCUSDT,Sell,0.064,9218.0,MinusTick,e3a9ba88-f08d-57a7-8055-d8f131aaa43a,58995200000.0,0.064,589.952
1590274254.3845,BTCUSDT,Buy,0.001,9218.5,PlusTick,8bc200d3-0914-5941-9cae-c2d8afb6125d,921850000.0,0.001,9.2185
1590274224.7506,BTCUSDT,Sell,0.026,9217.5,ZeroMinusTick,c4033e8f-d4bf-508f-a487-101181932eaf,23965500000.0,0.026,239.655
1590274223.8316,BTCUSDT,Sell,0.026,9217.5,ZeroMinusTick,d2fe57b8-3741-5ebf-8633-23a91a0ec37f,23965500000.0,0.026,239.655
1590274206.8224,BTCUSDT,Sell,0.198,9217.5,ZeroMinusTick,1cfac901-81af-5246-8436-7dbb7452a464,182506500000.0,0.198,1825.065
1590274203.7406,BTCUSDT,Sell,0.425,9217.5,ZeroMinusTick,e9d615b8-ec3a-5c0b-8478-ca0b01cd238b,391743750000.0,0.425,3917.4375
1590274189.8132,BTCUSDT,Sell,0.546,9217.5,ZeroMinusTick,0fdc488c-d0de-5392-a433-ddd79fbe6f69,503275500000.0,0.546,5032.755
1590274189.2178,BTCUSDT,Sell,0.006,9217.5,ZeroMinusTick,b8522e76-7061-5230-9b8b-5e11c3f4d2da,5530500000.0,0.006,55.305
1590274182.7305,BTCUSDT,Sell,0.024,9217.5,ZeroMinusTick,370f179c-edfd-51b8-8676-bef9da87ba5d,22122000000.0,0.024,221.22
1590274172.804,BTCUSDT,Sell,0.633,9217.5,ZeroMinusTick,c6fd804b-b9c2-5f71-a88e-6cd8106b0f15,583467750000.0,0.633,5834.6775
1590274161.7206,BTCUSDT,Sell,0.024,9217.5,ZeroMinusTick,29819c1e-64a6-5550-9db3-658f0f89b062,22122000000.0,0.024,221.22
1590274157.7948,BTCUSDT,Sell,0.029,9217.5,ZeroMinusTick,1dd237b9-9a8e-520c-8257-36781a53eb71,26730750000.0,0.029,267.3075
1590274140.7859,BTCUSDT,Sell,0.028,9217.5,ZeroMinusTick,c5a8fae7-c83c-5be2-b744-bbdecb7711a6,25808999999.999996,0.028,258.09
1590274140.7099,BTCUSDT,Sell,0.01,9217.5,PlusTick,65461c25-d76e-5771-a6c6-5d84975f6bc2,9217500000.0,0.01,92.175
1590274125.7823,BTCUSDT,Buy,0.442,9216.5,ZeroMinusTick,aa1847be-5261-5d7d-a20d-5db013099eb9,407369300000.0,0.442,4073.693
1590274122.7028,BTCUSDT,Buy,0.008,9216.5,MinusTick,76d59127-497f-5725-9e35-7332e575f719,7373200000.0,0.008,73.732
1590274102.7249,BTCUSDT,Buy,0.787,9218.0,ZeroMinusTick,688743ae-78c6-5a12-82c5-8e6a53699a48,725456600000.0,0.787,7254.566
1590274102.7249,BTCUSDT,Buy,0.213,9218.0,ZeroMinusTick,cf1b521a-7b28-524b-bdf3-c70a1e5eb6bf,196343400000.0,0.213,1963.434
1590274072.1644,BTCUSDT,Buy,0.239,9218.0,ZeroMinusTick,3eacfca1-2818-5f81-9e95-c538b1f0ff6a,220310200000.0,0.239,2203.102
1590274072.1644,BTCUSDT,Buy,0.001,9218.0,PlusTick,226d213f-4673-507c-8a33-d12e5798c5c3,921800000.0,0.001,9.218
1590274033.6647,BTCUSDT,Buy,0.02,9216.0,PlusTick,77c06cd2-624f-5cf4-8114-d09d58881305,18432000000.0,0.02,184.32
1590274028.1139,BTCUSDT,Buy,0.001,9213.0,PlusTick,8abf3f8c-c91d-5017-a8b0-48c6584ef7d2,921299999.9999999,0.001,9.213
1590274023.7559,BTCUSDT,Sell,0.5,9212.5,MinusTick,224a1e1b-48f8-5bfc-99c4-c9c250a3ee68,460625000000.0,0.5,4606.25
1590274011.5763,BTCUSDT,Buy,0.12,9213.0,ZeroMinusTick,dc126848-de28-5bcd-9f4d-d65360ff4c92,110556000000.0,0.12,1105.56
1590274009.4888,BTCUSDT,Buy,0.109,9213.0,PlusTick,495f586e-5c8a-5768-a40d-bcbdbb255e2f,100421700000.0,0.109,1004.217
1590273969.2391,BTCUSDT,Sell,0.01,9212.5,ZeroMinusTick,d3783f1d-84e7-51a5-add9-32e303efb696,9212500000.0,0.01,92.125
1590273967.6819,BTCUSDT,Sell,0.01,9212.5,MinusTick,72e8c03c-9248-551b-8f74-34e26b82df38,9212500000.0,0.01,92.125
1590273954.4505,BTCUSDT,Buy,0.001,9213.0,PlusTick,7d35b069-c575-5254-979f-d9b221f8adf1,921299999.9999999,0.001,9.213
1590273953.5571,BTCUSDT,Buy,0.001,9210.0,PlusTick,2a2e929e-de61-5084-8342-74c01effefd7,921000000.0000001,0.001,9.21
1590273924.3246,BTCUSDT,Sell,0.5,9209.5,ZeroMinusTick,af8df703-d50c-5267-8643-cbcd3a3251c4,460475000000.0,0.5,4604.75
1590273913.4225,BTCUSDT,Sell,0.5,9209.5,ZeroMinusTick,6efe9caa-b029-5776-82bc-cba3dee4a193,460475000000.0,0.5,4604.75
1590273909.4958,BTCUSDT,Sell,0.562,9209.5,ZeroMinusTick,835a902e-a583-5d43-b563-4e4a60ddefda,517573899999.99994,0.562,5175.739
1590273909.4905,BTCUSDT,Sell,4.17,9209.5,ZeroMinusTick,f277c2c1-46a0-5506-af3a-ed5b159c30ab,3840361500000.0,4.17,38403.615
1590273909.4905,BTCUSDT,Sell,2.69,9209.5,MinusTick,e4625ca3-ffc8-5898-9402-9ec5ca7a3f56,2477355500000.0,2.69,24773.555
1590273909.4905,BTCUSDT,Sell,0.02,9210.0,ZeroMinusTick,6487f99b-2b90-535f-8425-09faee46f2e9,18420000000.0,0.02,184.2
1590273909.4905,BTCUSDT,Sell,1.12,9210.0,MinusTick,26606f08-75ba-5a36-ab4b-10308edf9f7d,1031520000000.0001,1.12,10315.2
1590273909.2475,BTCUSDT,Sell,0.278,9210.5,ZeroMinusTick,14ebc929-5d7e-50dd-8ef0-0ae33aafde23,256051899999.99997,0.278,2560.519
1590273909.2475,BTCUSDT,Sell,0.001,9210.5,ZeroMinusTick,19f565e4-d378-583c-9a7d-0ca6630ee523,921050000.0,0.001,9.2105
1590273909.2475,BTCUSDT,Sell,0.5,9210.5,MinusTick,6f1a46e1-7f98-528e-97f6-003479502893,460525000000.0,0.5,4605.25
1590273878.7791,BTCUSDT,Buy,0.04,9211.0,PlusTick,1ba25b60-8401-5026-b3cd-39306fc5a86b,36844000000.0,0.04,368.44
1590273842.6618,BTCUSDT,Sell,0.001,9210.5,MinusTick,7813f5f7-1d44-53ee-ba3d-d21e324207f5,921050000.0,0.001,9.2105
1590273842.5425,BTCUSDT,Sell,0.2,9211.0,ZeroMinusTick,287842ad-c2de-50d9-9e8c-9946661ad541,184220000000.0,0.2,1842.2
1590273842.5425,BTCUSDT,Sell,1.203,9211.0,ZeroMinusTick,a2c7f527-9a4f-5696-8c3e-907ee7c75d64,1108083300000.0,1.203,11080.833
1590273841.7325,BTCUSDT,Sell,0.078,9211.0,ZeroMinusTick,323493b7-3cc6-56e0-927c-accdb8bb4eca,71845800000.0,0.078,718.458
1590273841.7325,BTCUSDT,Sell,0.04,9211.0,MinusTick,eb6d74e4-9437-564c-9b05-ead027315919,36844000000.0,0.04,368.44
1590273841.7274,BTCUSDT,Buy,0.1,9211.5,MinusTick,d27b61e9-c05c-55bd-bbf4-02b3f2a98821,92115000000.0,0.1,921.15
1590273841.0586,BTCUSDT,Sell,0.001,9212.5,MinusTick,f01c7c22-6f2a-54e5-875c-474c806b7544,921250000.0,0.001,9.2125
1590273840.995,BTCUSDT,Sell,1.653,9213.0,MinusTick,772c78d9-5e94-557c-83ae-bafa7715dc88,1522908900000.0,1.653,15229.089
1590273820.7637,BTCUSDT,Sell,0.02,9214.0,MinusTick,dab84166-fb79-5923-a4be-cd0e5f97d498,18428000000.0,0.02,184.28
1590273799.0537,BTCUSDT,Sell,1.0,9215.0,MinusTick,e28204f0-d20a-5a60-8be1-fe1b29182458,921500000000.0,1.0,9215.0
1590273773.3126,BTCUSDT,Sell,0.4,9216.0,ZeroMinusTick,2468cde9-d83c-523e-93d6-a7f4cbef1828,368640000000.0,0.4,3686.4
1590273773.3126,BTCUSDT,Sell,0.35,9216.0,PlusTick,fcbbb6d7-a20e-5a44-82ba-89494f85acfd,322560000000.0,0.35,3225.6
1590273773.3126,BTCUSDT,Sell,4.913,9215.5,MinusTick,0b9cf61d-0d2c-5f55-9181-1ae49701fe7e,4527575150000.0,4.913,45275.7515
1590273773.3126,BTCUSDT,Sell,0.2,9216.0,ZeroMinusTick,ea976c59-9e8b-5428-9ae8-a72a4324bbc4,184320000000.0,0.2,1843.2
1590273773.3126,BTCUSDT,Sell,0.25,9216.0,ZeroMinusTick,273ef3b0-75c5-52ce-a7e9-96daafe50830,230400000000.0,0.25,2304.0
1590273773.3126,BTCUSDT,Sell,0.35,9216.0,ZeroMinusTick,c3310858-2f7e-55d8-9fcd-68e77b813f75,322560000000.0,0.35,3225.6
1590273773.3126,BTCUSDT,Sell,0.753,9216.0,ZeroMinusTick,fb199f60-a21a-5cf8-a433-c79096a26f7b,693964800000.0,0.753,6939.648
1590273773.3126,BTCUSDT,Sell,0.5,9216.0,ZeroMinusTick,8ca70cfa-1800-58d1-8095-6860c537aff0,460800000000.0,0.5,4608.0
1590273760.8675,BTCUSDT,Sell,4.0,9216.0,ZeroMinusTick,bb819f69-eaa5-556a-b144-4ba6107f888b,3686400000000.0,4.0,36864.0
1590273747.5959,BTCUSDT,Sell,0.669,9216.0,ZeroMinusTick,6719c622-ec06-597b-bde1-4317e7a5f16e,616550400000.0,0.669,6165.504
1590273747.5959,BTCUSDT,Sell,0.059,9216.0,ZeroMinusTick,e5f82299-075d-538c-9a0c-564635150b5c,54374400000.0,0.059,543.744
1590273747.5959,BTCUSDT,Sell,0.059,9216.0,ZeroMinusTick,fed55e63-15b8-5462-bd5c-c53c63314aa7,54374400000.0,0.059,543.744
1590273747.5959,BTCUSDT,Sell,5.213,9216.0,ZeroMinusTick,bfa77d5a-3397-5250-9737-7d3c7eec007f,4804300800000.0,5.213,48043.008
1590273714.5448,BTCUSDT,Sell,0.027,9216.0,ZeroMinusTick,111dbca1-1ea2-5bdb-8d28-17ce3d6577f9,24883200000.0,0.027,248.832
1590273697.7889,BTCUSDT,Sell,4.76,9216.0,ZeroMinusTick,6146d658-2d85-5936-9be3-02384b5891ff,4386816000000.0005,4.76,43868.16
1590273697.7889,BTCUSDT,Sell,0.24,9216.0,MinusTick,40c193d3-1c36-5652-bd6f-e4869b0c723b,221184000000.0,0.24,2211.84
1590273677.4149,BTCUSDT,Sell,0.221,9217.0,ZeroMinusTick,5b131767-7dd2-5681-8715-594d7d8b99fa,203695700000.0,0.221,2036.957
1590273677.315,BTCUSDT,Sell,0.383,9217.0,ZeroMinusTick,3c49f5f5-e164-5fb7-ae97-7795017389e5,353011100000.0,0.383,3530.111
1590273677.2149,BTCUSDT,Sell,0.43,9217.0,ZeroMinusTick,bd260949-6482-5d19-8b48-cf59faa45331,396331000000.0,0.43,3963.31
1590273677.115,BTCUSDT,Sell,0.02,9217.0,ZeroMinusTick,bc6c8046-7cba-5428-8bff-1b9265ecdbf0,18434000000.0,0.02,184.34
1590273677.115,BTCUSDT,Sell,0.305,9217.0,MinusTick,4efc4b85-89fb-5b95-b6d4-a2a994c11356,281118500000.0,0.305,2811.185
1590273677.0149,BTCUSDT,Sell,0.984,9217.5,ZeroMinusTick,800cd424-2701-5c47-b58c-d766e36efffc,907002000000.0,0.984,9070.02
1590273676.9149,BTCUSDT,Sell,0.862,9217.5,ZeroMinusTick,db7445f9-14b5-5a78-97f6-fe3d2fb89afc,794548500000.0,0.862,7945.485
1590273676.9149,BTCUSDT,Sell,0.001,9217.5,MinusTick,5f06fc85-66c8-594b-a1fa-da874aae5b08,921749999.9999999,0.001,9.2175
1590273676.8149,BTCUSDT,Sell,0.5,9218.0,ZeroMinusTick,043ab0d8-c57b-5b8f-848c-28c07d8c56e5,460900000000.0,0.5,4609.0
1590273676.8149,BTCUSDT,Sell,0.24,9218.0,MinusTick,e03182f9-4cfa-54b6-abcd-d0a4139d9c7e,221232000000.00003,0.24,2212.32
1590273676.1522,BTCUSDT,Sell,8.0,9219.0,MinusTick,919fa78e-1666-53e4-a5b6-ce5d6cc2bb36,7375200000000.0,8.0,73752.0
1590273654.316,BTCUSDT,Buy,0.001,9219.5,PlusTick,25104089-cd1b-559a-8c1d-67230f164028,921950000.0,0.001,9.2195
1590273650.7964,BTCUSDT,Sell,0.812,9219.0,ZeroMinusTick,f1ebab1f-4d86-5a41-9867-d22a9fc166c1,748582800000.0,0.812,7485.828
1590273646.8203,BTCUSDT,Sell,0.5,9219.0,ZeroMinusTick,901cb1cc-9140-55c6-a378-24267c15be4c,460950000000.0,0.5,4609.5
1590273633.4454,BTCUSDT,Sell,0.1,9219.0,MinusTick,de6c1a18-5731-51c2-a933-50bc4a27be8f,92190000000.0,0.1,921.9
1590273599.442,BTCUSDT,Buy,0.968,9219.5,ZeroMinusTick,7d423d01-afe8-5e11-8764-a214e5babaa2,892447600000.0,0.968,8924.476
1590273598.4779,BTCUSDT,Buy,0.103,9219.5,PlusTick,0efa4b77-9f74-556e-8bfc-968d932a8133,94960850000.0,0.103,949.6085
1590273592.8301,BTCUSDT,Sell,0.18,9219.0,ZeroMinusTick,060a12e8-3d06-5eb0-aa65-59acec838b46,165942000000.0,0.18,1659.42
1590273592.8301,BTCUSDT,Sell,0.02,9219.0,MinusTick,ceedf4dd-51c4-50c8-948c-e45d7aedb1c0,18438000000.0,0.02,184.38
1590273583.0735,BTCUSDT,Sell,0.056,9221.0,MinusTick,eab617f8-dbbe-5877-acda-04eb0976b5e6,51637600000.0,0.056,516.376
1590273563.7567,BTCUSDT,Buy,0.05,9221.5,PlusTick,9ad7fdf2-47e8-55d3-8369-c7304a1e5b86,46107500000.0,0.05,461.075
1590273540.925,BTCUSDT,Sell,0.12,9221.0,ZeroMinusTick,b0ce1831-714b-579d-9ad4-2b0e246cbbc2,110652000000.0,0.12,1106.52
1590273535.2906,BTCUSDT,Sell,3.0,9221.0,MinusTick,5de68d26-4435-56de-b7da-cec9384a9740,2766300000000.0,3.0,27663.0
1590273508.2045,BTCUSDT,Sell,1.0,9221.5,ZeroMinusTick,160323e5-49b8-56fc-8885-a3d11b170ab8,922150000000.0,1.0,9221.5
1590273496.3393,BTCUSDT,Sell,0.58,9221.5,ZeroMinusTick,6a3ebebf-5660-5d54-aca7-6cfbf8f1d1c5,534847000000.0,0.58,5348.47
1590273496.3393,BTCUSDT,Sell,0.02,9221.5,MinusTick,0295d446-0366-57f6-8b34-42ceecec59eb,18443000000.0,0.02,184.43
1590273486.7435,BTCUSDT,Sell,0.055,9223.5,ZeroMinusTick,b035c346-cf9d-53ba-aa47-a13803fe6832,50729250000.0,0.055,507.2925
1590273464.6876,BTCUSDT,Sell,0.98,9223.5,ZeroMinusTick,c7866749-491a-5d31-a377-ac73cdf50166,903903000000.0001,0.98,9039.03
1590273464.6876,BTCUSDT,Sell,0.02,9223.5,MinusTick,500044fa-a63d-5e41-a6d1-e41fa25950d6,18447000000.0,0.02,184.47
1590273420.3524,BTCUSDT,Buy,0.011,9224.0,MinusTick,c7d34366-2ed5-5d90-bd40-92f77dcf10cb,10146400000.0,0.011,101.464
1590273400.3425,BTCUSDT,Buy,0.015,9225.0,MinusTick,bd64a08f-0e10-513e-865a-9f3684a24459,13837500000.0,0.015,138.375
1590273371.3696,BTCUSDT,Buy,0.122,9226.0,ZeroMinusTick,3ba42a1a-7dbf-5d32-afb5-7a91eec9a69d,112557199999.99998,0.122,1125.572
1590273367.3447,BTCUSDT,Buy,0.01,9226.0,ZeroMinusTick,4cd2a5f2-4ace-55f5-a91d-ff3bebaa606a,9226000000.0,0.01,92.26
1590273354.4138,BTCUSDT,Buy,0.001,9226.0,PlusTick,556d9039-4946-5166-970c-f3eadb7d60f4,922600000.0000001,0.001,9.226
1590273278.315,BTCUSDT,Buy,0.786,9225.0,ZeroMinusTick,12e12cfe-f3c4-5aaa-acd1-23eacc6caa8f,725085000000.0,0.786,7250.85
1590273278.215,BTCUSDT,Buy,0.1,9225.0,ZeroMinusTick,41136d3f-2eb6-5ffc-9e07-0854934e3989,92250000000.0,0.1,922.5
1590273278.1149,BTCUSDT,Buy,0.1,9225.0,PlusTick,feaaeb8f-ebb7-5d23-99fb-4f19219ad891,92250000000.0,0.1,922.5
1590273278.015,BTCUSDT,Buy,0.08,9224.5,ZeroMinusTick,d7c35f70-cb68-5814-b151-724a0b075469,73796000000.0,0.08,737.96
1590273278.015,BTCUSDT,Buy,0.02,9224.5,PlusTick,ef92eb0f-84ee-553a-9b48-1ce104555390,18449000000.0,0.02,184.49
1590273277.5151,BTCUSDT,Buy,0.1,9223.0,PlusTick,5c8acf0f-f47a-5a59-b9ff-9a3b7b91b82a,92230000000.0,0.1,922.3
1590273277.415,BTCUSDT,Buy,0.1,9222.5,PlusTick,46fee0e6-4b32-5cb5-82f8-60c4a5c836b1,92225000000.0,0.1,922.25
1590273266.0072,BTCUSDT,Sell,0.122,9222.0,ZeroMinusTick,27005c08-563b-5e01-88fb-f8648c15a5ce,112508400000.0,0.122,1125.084
1590273266.0072,BTCUSDT,Sell,2.878,9222.0,ZeroMinusTick,1a69fd64-e91a-5918-a9bb-5e511408c6f7,2654091600000.0,2.878,26540.916
1590273251.4837,BTCUSDT,Sell,1.0,9222.0,ZeroMinusTick,1b8ed56d-7628-5fc3-9945-a6e9c9e5c4ac,922200000000.0,1.0,9222.0
1590273242.9975,BTCUSDT,Sell,3.0,9222.0,ZeroMinusTick,92fdf0ea-0ce9-5475-9822-e1e211a93065,2766600000000.0,3.0,27666.0
1590273242.5799,BTCUSDT,Sell,0.122,9222.0,ZeroMinusTick,99e1468f-6071-56c0-a513-df11ec9996aa,112508400000.0,0.122,1125.084
1590273217.0305,BTCUSDT,Sell,5.519,9222.0,ZeroMinusTick,908fbc81-b100-5931-9497-57200e6614d1,5089621800000.0,5.519,50896.218
1590273217.0305,BTCUSDT,Sell,0.02,9222.0,MinusTick,d4210acb-abb5-5800-a7cb-287fbadeff77,18444000000.0,0.02,184.44
1590273217.0305,BTCUSDT,Sell,1.581,9222.5,MinusTick,8e31a434-0cf3-527b-b75e-2a6ee547c933,1458077250000.0,1.581,14580.7725
1590273217.0305,BTCUSDT,Sell,0.026,9224.0,ZeroMinusTick,f7c84386-3973-5603-8a5c-451820914b8d,23982400000.0,0.026,239.824
1590273217.0305,BTCUSDT,Sell,6.0,9224.0,MinusTick,42bf8b83-50dd-5bb3-8fb7-b9ce89c3889f,5534400000000.0,6.0,55344.0
1590273142.8281,BTCUSDT,Buy,1.6,9224.5,ZeroMinusTick,4cce59ee-cf44-5c06-a39f-329a995b993e,1475920000000.0,1.6,14759.2
1590273142.8281,BTCUSDT,Buy,0.534,9224.5,ZeroMinusTick,a7fd5898-bddb-54bb-bf80-361dea336b81,492588300000.0,0.534,4925.883
1590273142.8281,BTCUSDT,Buy,1.387,9224.5,ZeroMinusTick,60fd6bc0-2106-5a79-8041-478398bda25f,1279438150000.0,1.387,12794.3815
1590273142.8281,BTCUSDT,Buy,8.0,9224.5,ZeroMinusTick,db2a3566-a00a-582d-aee3-b615d2e6665d,7379600000000.0,8.0,73796.0
1590273142.8281,BTCUSDT,Buy,3.188,9224.5,ZeroMinusTick,b38fc556-32d3-5ab7-9ab1-bf98fd51e50b,2940770600000.0,3.188,29407.706
1590273142.8281,BTCUSDT,Buy,0.05,9224.5,MinusTick,dae2dc2c-6418-567d-a1e4-c661b641f5f5,46122500000.0,0.05,461.225
1590273142.8281,BTCUSDT,Buy,8.12,9225.5,ZeroMinusTick,f5a0a789-f97a-5ea0-9eff-02ec8259acad,7491106000000.0,8.12,74911.06
1590273142.8281,BTCUSDT,Buy,2.75,9225.5,ZeroMinusTick,0fc551c1-ed94-53d7-85c3-eacfbf48f12d,2537012500000.0,2.75,25370.125
1590273142.8281,BTCUSDT,Buy,1.5,9225.5,MinusTick,edb37883-ea99-5730-a030-deaad152384d,1383825000000.0,1.5,13838.25
1590273142.8281,BTCUSDT,Buy,2.75,9226.0,ZeroMinusTick,0e24552b-c626-5600-82e3-2c46bf98dfa4,2537150000000.0,2.75,25371.5
1590273142.8281,BTCUSDT,Buy,1.683,9226.0,PlusTick,858687a8-be1d-59b8-81a9-2f17930a0392,1552735800000.0,1.683,15527.358
1590273117.2054,BTCUSDT,Buy,0.001,9225.0,MinusTick,cb4edd55-905d-5ef2-9f03-d0d199ee90d0,922500000.0,0.001,9.225
1590273098.8732,BTCUSDT,Buy,0.49,9225.5,ZeroMinusTick,96f85b16-8a7d-5e3c-ae73-baa77835a941,452049500000.0,0.49,4520.495
1590273098.8732,BTCUSDT,Buy,0.11,9225.5,PlusTick,77ee018c-6462-5e9a-a0a9-4f2af68d5b06,101480500000.0,0.11,1014.805
1590273056.8121,BTCUSDT,Sell,1.0,9225.0,MinusTick,76569600-0101-5f54-8fed-3c5d88e5ebaf,922500000000.0,1.0,9225.0
1590273054.4678,BTCUSDT,Buy,0.001,9225.5,PlusTick,19f84e37-95ee-5b6b-886e-25a474c761cf,922550000.0,0.001,9.2255
1590272972.7216,BTCUSDT,Sell,0.1,9225.0,ZeroMinusTick,1760dfaf-178c-547c-9483-c7b1ac17ea01,92250000000.0,0.1,922.5
1590272972.7216,BTCUSDT,Sell,0.073,9225.0,ZeroMinusTick,e1dceb30-7865-57b9-9b7c-d89e403f3078,67342499999.99999,0.073,673.425
1590272972.721,BTCUSDT,Sell,0.073,9225.0,ZeroMinusTick,371870ce-81cf-5d09-bbfb-99f3a2e858c2,67342499999.99999,0.073,673.425
1590272972.7158,BTCUSDT,Sell,0.186,9225.0,ZeroMinusTick,98d22505-625f-5f99-9a5d-2dadddf93526,171585000000.0,0.186,1715.85
1590272972.7158,BTCUSDT,Sell,0.001,9225.0,MinusTick,8ed30a8e-f9fb-5aea-9bef-88263841058c,922500000.0,0.001,9.225
1590272939.9496,BTCUSDT,Sell,0.02,9227.0,MinusTick,1e703d58-e2bc-5f5e-9f25-25035454f53b,18454000000.0,0.02,184.54
1590272938.1164,BTCUSDT,Buy,0.028,9227.5,MinusTick,b4621c30-643f-5442-81b9-2369ac8f7083,25837000000.0,0.028,258.37
1590272935.0468,BTCUSDT,Sell,0.001,9228.5,MinusTick,1edd84b4-8604-5f8f-869b-5404108635b0,922850000.0,0.001,9.2285
1590272934.0929,BTCUSDT,Buy,0.002,9229.0,MinusTick,b2d6233e-4cc9-5c8f-829c-a248edc26658,1845799999.9999998,0.002,18.458
1590272843.3773,BTCUSDT,Sell,0.001,9232.0,MinusTick,33e7be46-916f-53bb-9d1b-aca7da61bc0d,923199999.9999999,0.001,9.232
1590272840.0677,BTCUSDT,Buy,0.012,9232.5,ZeroMinusTick,1c68e69f-1635-57b4-b94a-918c81ed6ca6,11079000000.0,0.012,110.79
1590272839.0383,BTCUSDT,Buy,0.025,9232.5,MinusTick,0e65d36d-c82e-5a14-8b86-b78a2d927361,23081250000.0,0.025,230.8125
1590272762.8517,BTCUSDT,Sell,0.156,9234.0,MinusTick,5b5dff8b-3ea8-5990-a19d-5e117f76bf88,144050400000.0,0.156,1440.504
1590272754.6388,BTCUSDT,Buy,0.001,9234.5,PlusTick,0edaa159-d6ec-583d-9469-ee67b1e09005,923450000.0000001,0.001,9.2345
1590272654.7777,BTCUSDT,Sell,0.001,9234.0,ZeroMinusTick,aae26fe9-c16b-5a6b-884d-bf07df4bd1d9,923400000.0,0.001,9.234
1590272654.7777,BTCUSDT,Sell,0.02,9234.0,MinusTick,b9a8033e-ab0f-50e7-a966-602c27409dfd,18468000000.0,0.02,184.68
1590272581.4477,BTCUSDT,Buy,0.824,9237.0,ZeroMinusTick,5dc9c85d-1a27-50bd-90c4-d101db6795b6,761128800000.0,0.824,7611.288
1590272550.9179,BTCUSDT,Sell,0.025,9237.0,ZeroMinusTick,31c33876-c987-5c62-a14b-d9c6041dbb47,23092500000.0,0.025,230.925
1590272549.8596,BTCUSDT,Sell,0.357,9237.0,MinusTick,9bb7d9be-031f-58ce-a2ff-bbb181b420cf,329760900000.0,0.357,3297.609
1590272539.0696,BTCUSDT,Buy,0.599,9237.5,ZeroMinusTick,ff06473b-915e-557b-afd4-37eb63d666c5,553326250000.0,0.599,5533.2625
1590272539.0696,BTCUSDT,Buy,0.001,9237.5,PlusTick,ec3edf95-2758-52bc-9268-e2396a9cdb60,923750000.0000001,0.001,9.2375
1590272532.8504,BTCUSDT,Sell,0.013,9237.0,ZeroMinusTick,4b0e1638-6064-53a7-b102-66bea10071b8,12008100000.0,0.013,120.081
1590272531.9082,BTCUSDT,Sell,0.001,9237.0,ZeroMinusTick,f09007b5-4420-51fc-8346-827ef70dbb56,923700000.0,0.001,9.237
1590272515.8411,BTCUSDT,Sell,0.018,9237.0,ZeroMinusTick,0c7bc0c1-1b47-54ec-8619-f742053f6079,16626600000.0,0.018,166.266
1590272510.8983,BTCUSDT,Sell,0.895,9237.0,ZeroMinusTick,d75251a2-3e48-5052-8841-1be2c7f9f828,826711500000.0,0.895,8267.115
1590272498.8319,BTCUSDT,Sell,0.017,9237.0,ZeroMinusTick,1bd09eb7-f838-535c-bebe-af8cc36519a1,15702900000.0,0.017,157.029
1590272489.8884,BTCUSDT,Sell,0.001,9237.0,PlusTick,3be5578f-1c5d-5ed6-a949-54dff2230b84,923700000.0,0.001,9.237
1590272483.4215,BTCUSDT,Buy,0.48,9235.5,ZeroMinusTick,0e3bf42b-e943-5ee7-8a72-2e752d34f3b0,443304000000.0,0.48,4433.04
1590272483.4215,BTCUSDT,Buy,0.02,9235.5,PlusTick,5a502fa2-dee1-5bcb-ba58-e2c7a82a1cb2,18471000000.0,0.02,184.71
1590272470.8787,BTCUSDT,Sell,0.302,9234.0,PlusTick,a41a0ba0-8b26-53fc-b954-74046f8fb047,278866800000.0,0.302,2788.668
1590272453.674,BTCUSDT,Buy,0.001,9232.5,ZeroMinusTick,5e15e83d-7075-5791-b53e-221bc67b9d1d,923250000.0,0.001,9.2325
1590272414.023,BTCUSDT,Buy,0.08,9232.5,ZeroMinusTick,04e522dd-d07a-5958-810b-b50bad07e83d,73860000000.0,0.08,738.6
1590272414.023,BTCUSDT,Buy,0.02,9232.5,PlusTick,388f9590-0789-527c-91f9-72158e43dea2,18465000000.0,0.02,184.65
1590272405.2157,BTCUSDT,Buy,1.487,9229.5,PlusTick,e3310131-2aa2-5808-9c35-b91f362f6bd3,1372426650000.0,1.487,13724.2665
1590272402.777,BTCUSDT,Sell,0.693,9229.0,ZeroMinusTick,816cc650-2828-5803-b9e8-88e5c965d6e4,639569700000.0,0.693,6395.697
1590272388.8392,BTCUSDT,Sell,0.021,9229.0,ZeroMinusTick,7b86ae76-0363-52f4-8c97-ab7146f75afc,19380900000.0,0.021,193.809
1590272387.7678,BTCUSDT,Sell,0.006,9229.0,ZeroMinusTick,bbf1473b-17a8-5cd5-81dd-e0e26104f4b4,5537400000.0,0.006,55.374
1590272372.7586,BTCUSDT,Sell,0.001,9229.0,ZeroMinusTick,8d41bdab-903e-51ce-ae1b-f19fb41b7b58,922899999.9999999,0.001,9.229
1590272367.8275,BTCUSDT,Sell,0.028,9229.0,ZeroMinusTick,90c71ca7-c0ba-5a01-8027-559320f13e13,25841199999.999996,0.028,258.412
1590272355.7494,BTCUSDT,Sell,0.125,9229.0,ZeroMinusTick,fcc24189-561a-5d87-b830-9c5b0f5858a9,115362500000.0,0.125,1153.625
1590272346.8177,BTCUSDT,Sell,0.025,9229.0,ZeroMinusTick,51810639-954b-5ae5-8634-409cd2621768,23072500000.0,0.025,230.725
1590272339.6674,BTCUSDT,Buy,0.001,9229.0,PlusTick,6692366e-57a3-510a-a26f-d65b03ab0fdc,922899999.9999999,0.001,9.229
1590272325.9189,BTCUSDT,Buy,0.24,9228.5,PlusTick,6d9d131c-26a3-5a38-9e67-502b190d28c7,221484000000.0,0.24,2214.84
1590272325.8079,BTCUSDT,Sell,0.017,9228.0,PlusTick,5d81682e-ba61-59c3-95b5-a2f64b2b4b3c,15687600000.0,0.017,156.876
1590272306.8008,BTCUSDT,Buy,0.209,9226.0,ZeroMinusTick,5a520605-bed7-530b-bd7a-42cb1e65c0aa,192823400000.0,0.209,1928.234
1590272306.7271,BTCUSDT,Buy,0.272,9226.0,ZeroMinusTick,6e9977f4-d38c-54cf-8614-813b041a67e6,250947200000.00003,0.272,2509.472
1590272299.1576,BTCUSDT,Buy,0.25,9226.0,ZeroMinusTick,37758a9d-c8f9-587d-bcd8-2e5bf62f3a6b,230650000000.0,0.25,2306.5
1590272289.7178,BTCUSDT,Buy,0.016,9226.0,ZeroMinusTick,59b973e2-888a-5854-bac5-7c0452f2c7df,14761600000.000002,0.016,147.616
1590272286.7911,BTCUSDT,Buy,0.02,9226.0,MinusTick,8252d940-4508-5bda-b444-71a8e029cdb7,18452000000.0,0.02,184.52
1590272185.6473,BTCUSDT,Sell,0.116,9228.0,ZeroMinusTick,031898fc-4f53-5cdc-8ed9-7c15182ac7e6,107044800000.00002,0.116,1070.448
1590272185.6473,BTCUSDT,Sell,0.02,9228.0,MinusTick,5a2365ec-02d1-5844-a1c6-6d5437ba2710,18456000000.0,0.02,184.56
1590272180.9869,BTCUSDT,Sell,0.001,9229.5,MinusTick,a8b4b863-8b12-521f-ba6e-632bc915029d,922950000.0,0.001,9.2295
1590272177.4493,BTCUSDT,Sell,0.02,9231.0,MinusTick,8540508e-26e9-54f9-be93-486e1bfea7f7,18462000000.0,0.02,184.62
